2760 3454
1165 212 1431 252 „20-

212 329 236 379 ἓ
265 327 333 379 12)
360 326 612 376 maximeque
641 330 702 366 tot
729 326 963 376 pontificum
992 327 1151 366 nomina
1182 328 1291 367 ultro
1320 327 1472 376 fingere
1500 325 1634 375 potuit
1669 326 1861 368 falsarius
1896 331 2133 380 posterioris
2161 334 2382 384 temporis?

213 390 350 442 Quid?
379 390 485 439 quod
513 389 555 429 in
582 391 657 430 hoc
685 391 822 430 eodem
851 390 1104 429 sacerdotum
1131 390 1299 439 collegio
1331 402 1410 429 non
1438 393 1800 429 commemorantur
1834 392 1979 433 flamen
2006 395 2150 446 Dialis,
2178 398 2292 448 cujus
2323 399 2380 438 lo-

211 466 300 494 cum
328 453 399 493 illo
425 456 616 503 tempore,
641 465 719 503 quo
748 453 879 493 oratio
901 452 1042 493 babita
1068 456 1140 502 est,
1158 465 1329 493 vacuum
1357 452 1482 492 fuisse
1510 452 1608 492 scim
1643 465 1690 492 us
1719 465 1767 492 ex
1787 454 1879 494 Tac.
1908 468 2000 496 ann.
2034 458 2111 506 ΙΙΙ,
2154 464 2215 507 58,
2243 464 2285 499 et
2312 461 2379 499 Pi-

214 517 355 555 narius
383 517 513 555 Natta
539 516 735 566 pontifex,
769 526 897 565 quem,
932 526 1052 564 quum
1091 515 1176 564 ipse
1211 525 1316 555 anno
1357 518 1453 555 ante
1489 515 1647 555 domum
1684 514 1888 557 Ciceronis
1922 520 2249 574 consecravisset‚
2283 535 2382 574 prae

211 580 363 629 pudore
390 580 542 619 afuisse
569 580 907 619 verisimillimum
945 578 1037 617 est?
1102 580 1243 618 Nonne
1276 580 1353 618 hac
1386 591 1467 618 una
1492 591 1547 628 re,
1583 591 1686 628 quae
1704 580 1850 619 Wolfio
1876 581 1953 630 ipsi
1980 593 2059 623 non
2085 585 2214 626 levem
2241 586 2381 638 injecit
2440 569 2469 619 ')

210 644 454 694 scrupulum,
479 643 582 684 satis
610 643 842 683 declaratur
870 645 1072 681 oratorem
1100 646 1281 682 nostrum
1309 642 1598 691 peritissimum
1635 643 1759 683 fuisse
1794 644 1955 683 illorum
1994 649 2245 696 temporum?
2315 651 2380 689 Ad

210 711 419 748 auctorem
446 718 544 748 vero
579 706 621 746 in
646 706 744 756 ipsis
773 705 927 755 mediis,
966 716 1066 755 quas
1107 709 1251 745 narrat
1278 706 1397 746 rebus
1435 705 1632 746 dicentem
1672 708 1770 748 haec
1810 711 2014 757 spectant,
2055 712 2160 758 quod
2201 700 2280 752 11011
2320 713 2381 752 ita

210 783 358 821 magna
386 783 484 811 cura
511 770 696 810 adhibita
723 773 787 809 est
814 769 857 808 in
885 769 1025 808 diebus
1050 769 1220 818 singulis
1239 769 1516 823 confiniundis,
1542 772 1583 808 et
1612 770 1717 818 quod
1745 782 1809 809 res
1839 773 1880 810 et
1908 770 2019 810 facta
2043 771 2205 813 illorum
2224 774 2379 815 dierum
2435 765 2470 818 ²)

209 834 359 874 leviter
386 833 649 883 attinguntur
678 835 719 872 et
746 833 1023 871 tantummodo
1058 834 1401 882 perstringuntur,
1436 836 1492 881 ut,
1519 833 1597 871 nisi
1625 834 1788 873 aliunde
1817 846 1864 873 ea
1897 846 2112 885 nossemus,
2141 837 2237 885 quid
2268 841 2374 877 esset

210 897 478 949 designatum,
505 897 708 937 interdum
735 896 964 946 perspicere
1002 908 1082 935 non
1111 908 1323 946 possemus.
1380 895 1486 946 Quid
1523 896 1627 936 enim
1665 908 1763 946 opus
1800 902 1863 937 est
1901 899 2082 947 longiore
2110 901 2380 948 explicatione

210 961 374 1011 homini,
403 972 471 1001 eas
498 971 574 1009 res,
607 957 751 1008 quibus
779 959 866 1009 ipse
900 959 1103 1009 interfuit,
1130 959 1317 999 narranti
1344 960 1449 1009 apud
1478 959 1684 1000 auditores
1722 964 1763 1000 et
1798 961 1904 1011 ipsos
1939 974 2077 1002 earum
2115 974 2250 1003 rerum
2278 976 2375 1013 gna-

210 1025 402 1075 rissimos,
430 1025 499 1074 qui
526 1024 590 1063 vel
616 1023 822 1063 levissima
840 1023 1136 1073 significatione
1155 1023 1349 1073 augurari
1374 1027 1553 1073 possunt,
1579 1024 1675 1073 quid
1694 1024 1877 1076 intellegi
1897 1026 1999 1065 velit
2018 1025 2183 1065 orator?
2226 1026 2379 1068 Contra

210 1089 459 1129 declamator
487 1087 679 1136 temporis
707 1100 731 1126 a
760 1086 951 1126 Cicerone
977 1088 1095 1136 longe
1122 1088 1278 1126 remoti
1295 1089 1453 1126 easdem
1481 1099 1544 1126 res
1572 1089 1698 1126 multo
1729 1090 1938 1128 verbosius
1967 1094 2008 1128 et
2035 1090 2265 1128 accuratius
2293 1094 2376 1129 tra-

209 1152 307 1192 dere
323 1151 506 1192 debebat.
537 1149 708 1191 Omnino
728 1149 856 1191 totius
876 1149 1072 1191 orationis
1090 1154 1239 1191 natura
1254 1163 1395 1200 parum
1413 1151 1600 1200 congruit
1617 1164 1704 1192 cum
1724 1153 2006 1192 declamatoris
2022 1152 2183 1202 ingenio
2198 1165 2245 1193 ac
2258 1165 2379 1193 more,

210 1213 358 1266 quippe
386 1215 456 1265 qui
481 1214 697 1254 maximam
725 1217 883 1263 partem
913 1226 1051 1254 earum
1079 1227 1224 1266 rerum,
1251 1215 1396 1265 quibus
1419 1216 1512 1266 jure
1540 1215 1679 1255 offensi
1705 1220 1801 1256 sunt
1829 1216 2067 1266 adversarii,
2091 1216 2271 1265 profecto
2298 1229 2377 1257 non

211 1279 486 1329 commisisset,
513 1279 583 1317 sed
611 1278 655 1316 in
674 1278 961 1327 compositione
988 1279 1226 1328 accuratior,
1254 1279 1296 1318 in
1325 1278 1548 1318 referendis
1577 1280 1695 1319 rebus
1723 1283 1764 1318 et
1792 1279 1912 1320 factis
1940 1280 2147 1330 copiosior,
2174 1280 2216 1319 in
2245 1280 2374 1320 elocu-

209 1344 320 1383 tione
349 1342 576 1392 elegantior
602 1345 643 1381 et
670 1340 837 1390 politior
864 1341 1019 1382 fuisset.
1074 1343 1199 1381 Immo
1229 1342 1432 1381 Ciceronis
1459 1345 1521 1380 est
1555 1354 1634 1381 non
1662 1342 1793 1382 minus
1817 1343 1890 1382 illa
1916 1344 2224 1393 argumentandi
2259 1344 2377 1394 ratio,

208 1407 296 1447 sive
322 1406 529 1455 Gracchis,
555 1398 788 1454 Saturnino,
826 1405 1004 1455 Sulpicio
1033 1406 1165 1445 utitur
1204 1405 1395 1454 exemplis
1435 1410 1583 1454 orator,
1611 1406 1697 1445 sive
1730 1406 1782 1445 ad
1819 1407 1990 1457 majores
2027 1418 2164 1446 eorum
2201 1407 2377 1447 recurrit

210 1471 445 1521 quibuscum
473 1468 581 1509 forte
610 1468 647 1508 01
683 1467 890 1517 negotium
928 1472 1007 1518 est,
1042 1481 1161 1518 quam
1198 1469 1299 1509 illud
1336 1470 1635 1520 perstringendi
1673 1470 1869 1520 studium,
1904 1482 2025 1519 quum
2060 1471 2202 1520 quovis
2244 1471 2375 1520 pretio

209 1535 412 1574 Catilinae
439 1534 541 1573 facit
568 1533 822 1580 mentionem,
849 1535 896 1571 ut
923 1533 986 1571 sui
1015 1534 1247 1572 consulatus
1275 1536 1522 1573 commoneat
1550 1533 1766 1583 auditores,
1794 1537 1866 1572 aut
1894 1544 2014 1582 quum
2043 1535 2195 1573 nnllam
2223 1533 2378 1573 omittit

208 1599 456 1640 occasionem
485 1595 758 1646 increpitandi
787 1595 967 1635 Clodium
998 1597 1160 1646 eJusque
1196 1597 1342 1645 socios,
1378 1610 1429 1636 110
1465 1599 1609 1636 multa:
1651 1598 1692 1636 in
1723 1602 1811 1637 tota
1846 1598 2029 1637 oratione
2063 1598 2195 1646 spirat
2220 1598 2376 1637 animus

208 1662 423 1703 Ciceronis.
477 1661 606 1713 Quam
634 1661 684 1699 ob
712 1671 796 1699 rem
822 1671 954 1699 nonne
981 1660 1203 1711 simplicius
1232 1664 1273 1701 et
1300 1661 1467 1710 aequius
1495 1661 1754 1702 librariorum
1784 1661 1965 1700 incuriae
1995 1665 2037 1700 et
2065 1664 2288 1710 temporum
2315 1660 2374 1700 in-

208 1726 379 1775 iquitati
407 1724 686 1765 ascribendum
712 1726 786 1773 est,
812 1723 847 1762 si
867 1723 962 1771 quid
991 1727 1064 1763 aut
1082 1725 1342 1774 neglegenter
1370 1725 1521 1763 dictum
1550 1728 1622 1764 aut
1641 1736 1766 1774 prave
1792 1725 2047 1774 conjunctum
2075 1728 2137 1764 est
2165 1724 2207 1764 in
2235 1727 2376 1764 nostra

209 1790 405 1839 oratione,
434 1800 555 1837 quam
584 1791 630 1827 ut
657 1786 884 1827 sententiae
902 1787 988 1825 loco
1008 1788 1201 1838 habitam,
1217 1788 1446 1827 Ciceronem
1466 1800 1544 1827 non
1564 1788 1624 1828 ita
1640 1788 1776 1838 magni
1797 1788 1938 1827 fecisse
1957 1791 2079 1836 atque
2098 1788 2243 1827 ultima
2261 1786 2377 1836 quasi

211 1853 309 1893 lima
327 1855 533 1893 carentem
560 1851 772 1900 reliquisse
798 1850 1020 1890 verisimile
1047 1854 1120 1890 est.
1530 1865 1535 1870 ·

339 1915 452 1967 Quae
479 1928 567 1956 cum
597 1914 657 1955 ita
684 1914 789 1964 sint,
829 1926 1069 1963 quamquam
1097 1915 1320 1956 orationem
1358 1919 1536 1955 nostram
1565 1928 1816 1964 nequaquam
1847 1914 2028 1954 omnibus
2056 1914 2233 1954 numeris
2262 1916 2374 1953 abso-

206 1980 335 2019 lutam
362 1983 460 2030 puto
488 1990 617 2028 neque
645 1978 821 2027 dignam,
847 1989 951 2026 quae
978 1978 1019 2017 in
1048 1978 1194 2017 scholis
1222 1982 1435 2028 tractetur,
1464 1983 1597 2019 tamen
1626 1991 1705 2019 11011
1742 1978 1882 2019 dubito
1921 1990 2007 2018 eam
2037 1978 2220 2018 Ciceroni
2249 1977 2366 2018 resti-

207 2048 333 2084 tuere.
388 2044 437 2083 In
466 2055 543 2092 quo
571 2043 607 2082 si
635 2042 700 2082 cui
728 2042 836 2081 forte
864 2045 1006 2082 contra
1034 2042 1320 2082 auctoritatem
1352 2046 1414 2082 tot
1443 2047 1649 2083 tantorum
1677 2044 1857 2083 virorum
1886 2054 2065 2093 pugnare
2091 2042 2251 2092 videor,
2292 2054 2372 2082 mo-

206 2108 380 2149 nendum
410 2110 472 2149 est
496 2111 625 2148 totam
645 2105 939 2147 accusationem
960 2119 984 2146 a
1004 2106 1150 2146 Wolfio
1177 2107 1351 2146 maxime
1372 2119 1458 2147 esse
1484 2112 1765 2157 sustentatam,
1787 2120 1907 2156 quum
1927 2107 2195 2146 Marklandus
2216 2107 2301 2156 jam
2325 2107 2376 2145 ad

213 2172 406 2213 Gessneri
433 2171 705 2212 defensionem
731 2170 936 2220 tacuisset,
958 2173 1112 2211 ceteros
1139 2174 1273 2211 autem
1293 2170 1430 2211 doctos
1458 2171 1578 2221 viros,
1607 2184 1686 2212 non
1715 2171 1823 2222 ipsos
1849 2173 1952 2212 hanc
1974 2169 2249 2220 quaestionem
2277 2182 2365 2219 per-

207 2239 425 2285 scrutatos,
467 2235 588 2274 facile
624 2234 762 2273 Wolfii
797 2235 950 2285 judicio
980 2235 1247 2285 acquievisse,
1287 2235 1400 2286 cujus
1442 2236 1727 2276 auctoritatem
1770 2236 1851 2276 illis
1895 2234 2141 2284 temporibus
2180 2245 2376 2274 summam

209 2300 334 2340 fuisse
360 2300 462 2339 satis
495 2303 635 2338 notum
664 2302 736 2338 est.
797 2299 901 2338 Num
940 2310 1036 2338 vero
1074 2299 1322 2338 clarissimus
1358 2298 1427 2337 ille
1463 2300 1527 2338 vir
1565 2312 1653 2339 cum
1679 2299 1883 2339 Ciceronis
1922 2310 2102 2338 sermone
2138 2301 2180 2336 et
2216 2297 2377 2346 ingenio

209 2375 296 2403 eam
326 2362 648 2402 familiaritatem
674 2361 826 2411 inierit,
864 2373 983 2411 quam
1010 2374 1109 2411 opus
1137 2374 1223 2401 esse
1249 2362 1301 2401 ad
1330 2363 1403 2400 hoc
1429 2374 1571 2402 munus
1600 2363 1877 2403 sustinendum
1915 2362 2000 2411 ipse
2036 2360 2288 2410 profiteatur,
2327 2372 2376 2399 ex

207 2438 255 2466 eo
278 2426 446 2478 Judices,
473 2427 579 2476 quod
606 2437 685 2465 non
714 2425 933 2475 dubitavit,
956 2426 1185 2466 Tullianam
1214 2426 1265 2466 ad
1294 2425 1471 2465 Coelium
1499 2427 1721 2476 epistolam,
1750 2438 1851 2476 quae
1880 2426 1922 2465 in
1951 2437 2029 2465 uno
2045 2424 2180 2464 codice
2207 2436 2302 2464 casu
2334 2424 2376 2464 in

203 2491 382 2530 alienum
410 2491 539 2530 locum
568 2489 809 2540 irrepsisset,
846 2489 987 2528 statim
1015 2502 1039 2529 a
1067 2489 1256 2529 Cicerone
1285 2490 1527 2540 abjudicare.
1583 2492 1719 2540 Immo,
1739 2503 1859 2540 quum
1879 2502 1928 2530 ex
1948 2489 2251 2539 prolegomenis,
2270 2500 2373 2537 quae

208 2555 410 2604 dicuntur,
438 2555 490 2594 ad
515 2554 682 2593 Homeri
709 2554 889 2593 carmina
915 2565 1100 2602 magnam
1136 2554 1312 2593 fructum
1340 2555 1601 2604 percepisset,
1638 2555 1846 2594 incessisse
1886 2565 1974 2592 eum
2009 2553 2172 2592 videtur
2211 2552 2373 2601 quidam

196 2617 425 2658 'accusandi
443 2620 485 2657 et
512 2616 803 2657 condemnandi
831 2617 957 2667 furor,
985 2629 1063 2666 quo
1093 2616 1289 2656 incitatus
1323 2621 1385 2657 est
1413 2618 1535 2658 etiam
1565 2619 1606 2659 in
1626 2619 1828 2659 Ciceronis
1855 2617 2008 2667 scripta
2043 2627 2231 2656 exercere
2255 2615 2372 2655 altio-

209 2693 294 2721 rem
322 2682 434 2721 illam
462 2686 595 2721 artem
624 2682 820 2721 criticam.
874 2682 951 2721 Sed
980 2682 1015 2720 si
1044 2682 1162 2731 huJus
1193 2682 1296 2720 artis
1324 2682 1503 2721 rationes
1533 2685 1729 2732 valerent,
1755 2684 1823 2723 vix
1852 2682 1893 2721 in
1924 2693 2004 2720 11113
2031 2681 2096 2720 vel
2126 2681 2259 2719 altera
2286 2690 2373 2718 ora-

207 2746 319 2786 tione
345 2757 492 2786 nomen
520 2745 627 2786 tueri
655 2756 860 2795 possemus
879 2745 1093 2795 Ciceronis,
1122 2745 1163 2785 id
1192 2745 1297 2795 quod
1323 2745 1423 2785 satis
1453 2748 1737 2796 comprobatur
1777 2759 1835 2796 eo,
1865 2746 1981 2795 quod,
2010 2757 2098 2785 cum
2126 2743 2296 2784 Wolfius
2333 2742 2375 2782 in

208 2809 551 2859 praelectionibus
571 2810 765 2850 edixisset
792 2821 912 2850 unam
941 2821 991 2849 ex
1013 2809 1266 2849 Catilinariis
1296 2821 1381 2849 esse
1409 2809 1668 2860 suppositam,
1694 2810 1833 2851 statim
1863 2823 1887 2851 a
1915 2808 2162 2862 pedissequis
2191 2806 2376 2856 deinceps

209 2874 351 2923 prima,
379 2875 523 2923 altera,
548 2878 696 2923 quarta
724 2874 766 2912 in
794 2874 1060 2923 suspicionem
1080 2878 1249 2912 vocatae
1273 2878 1379 2913 sunt.
1435 2874 1583 2913 Mirum
1612 2875 1725 2913 sane!
1780 2886 1872 2914 nam
1892 2875 2064 2914 Wolfius
2093 2873 2265 2912 alteram
2294 2879 2380 2909 esse

208 2950 259 2978 ex
287 2938 443 2978 duabus
469 2938 611 2978 mediis
640 2941 780 2987 postea
806 2937 943 2977 edidit.

341 3000 475 3053 Quid?
502 3004 591 3042 tota
618 3002 718 3042 haec
743 3000 995 3051 disquirendi
1023 3000 1143 3051 ratio,
1170 3013 1263 3041 num
1293 3000 1390 3050 quid
1418 3001 1529 3041 aliud
1557 3004 1626 3042 est'
1646 3014 1694 3041 ac
1720 3002 1830 3042 lusus
1860 2999 2040 3051 ingenii?

299 3089 323 3127 ¹)
352 3090 442 3119 Wolf
463 3092 493 3119 in
518 3090 729 3120 annotatione
754 3091 793 3119 ad
818 3090 845 3119 h.
873 3090 910 3120 1.:
936 3090 967 3119 id
991 3090 1124 3119 casuine
1149 3097 1189 3118 311
1214 3071 1382 3119 doetrinae
1407 3091 1548 3120 oratoris
1573 3090 1734 3119 ascribam
1758 3091 1839 3120 deus
1862 3091 1980 3126 aliquis
2005 3086 2132 3117 scierit!

295 3141 323 3171 ¹2
349 3144 411 3171 huc
433 3144 644 3172 referendum
664 3149 726 3180 est,
760 3144 845 3180 quod
869 3147 1017 3179 tempora
1042 3151 1105 3171 non
1131 3144 1211 3172 satis
1235 3144 1435 3171 concordare
1459 3144 1611 3173 dicuntur
1634 3144 1665 3171 ln
1690 3150 1715 3171 c.
1740 3142 1838 3172 l—lV
1874 3148 1907 3172 et
1939 3143 2024 3178 quod
2048 3149 2075 3171 c.
2099 3139 2181 3176 vul,
2206 3136 2226 3173 §
2253 3139 2289 3167 13
2314 3143 2380 3165 non

210 3197 293 3238 satis
319 3197 434 3234 liquet,
458 3198 543 3225 unde
566 3201 720 3232 posterus
744 3197 802 3225 ille
825 3197 895 3224 dies
921 3201 1124 3224 numeretur.

972 3267 1594 3277 aeasaeaewaeaemaewasasmmww
