2760 3454
1305 202 1571 251 —18÷

349 327 396 356 ac
417 318 557 356 nostro
578 315 669 357 loco
688 316 790 357 illud
807 319 975 359 verbum
993 318 1219 360 adhibitum
1238 318 1421 359 videmus
1440 331 1465 359 a
1484 319 1675 360 Cicerone
1702 319 1745 359 in
1764 319 1880 360 Verr.
1899 320 1971 361 IV.
1992 325 2069 363 52.:
2088 324 2523 376 portus'Syracusano-

348 392 437 420 rum
456 404 508 410 —
527 381 678 420 nostris
697 381 895 423 classibus
914 383 1084 423 clausus.
1131 383 1272 422 Risum
1290 386 1425 421 autem
1440 394 1568 433 paene
1586 386 1722 423 movet
1740 386 1962 434 accusator,
1989 386 2178 434 quoniam
2207 389 2409 441 exemplis,
2434 390 2521 440 qui-

348 442 423 483 bus
451 444 624 495 probare
651 445 791 486 studet
807 445 925 487 nobis
943 458 1057 487 suam
1076 446 1331 494 sententiam,
1353 446 1546 486 admiscet
1561 447 1757 494 quaedam
1784 446 1999 487 manifeste
2017 452 2161 488 contra
2179 463 2267 490 eam
2285 453 2522 502 pugnantia,

351 508 399 544 ut
425 517 462 558 p.
490 506 566 557 leg.
596 507 706 547 Man.
735 507 834 560 XII,
862 511 925 559 32,
949 507 1086 560 XVII,
1116 511 1177 549 53.

477 570 507 607 J
508 581 574 608 am
589 571 697 618 quod
717 571 927 609 contendit
945 571 998 609 M.
1020 572 1071 609 ad
1091 582 1122 609 c.
1143 570 1279 619 XXII,
1299 571 1321 620 ξ
1343 574 1403 620 57,
1422 582 1501 610 11011
1520 582 1636 621 posse
1650 571 1856 622 ingenium
1876 571 2006 623 ipsum
2026 571 2106 612 dici
2125 577 2349 627 praestans,
2365 576 2434 617 sed
2452 588 2519 629 po-

350 630 432 672 tius
448 632 631 673 homines
658 633 820 684 ingenio
840 633 1029 685 praediti,
1049 634 1227 674 sufficiat
1245 634 1343 674 mihi
1372 635 1558 685 delegare
1578 648 1667 676 eum
1689 636 1740 676 ad
1758 636 1947 685 legendos
1965 636 2074 675 locos
2094 648 2116 675 e
2135 636 2339 678 Ciceronis
2358 640 2521 692 scriptis

346 698 568 747 excerptos,
595 709 655 748 pr.
684 696 820 747 Ligar.
846 697 878 747 I,
906 697 927 747 ἓ
959 700 992 736 1.
1045 697 1191 746 Pansa,
1219 698 1447 748 praestanti
1468 698 1531 739 vir
1551 699 1725 749 ingenio,
1752 700 1801 738 de
1821 700 1887 739 fin.
1905 699 1960 748 II,
1983 702 2043 748 16,
2071 700 2250 740 homines
2269 704 2514 751 praestanti-

348 759 481 797 ssimis
510 759 695 809 ingeniis,
721 763 844 808 atque
871 763 918 799 ut
945 764 1159 810 cognoscat
1184 772 1266 799 non
1294 762 1512 801 abhorrere
1541 773 1566 801 a
1594 760 1798 801 Ciceronis
1826 760 2015 811 loquendi
2042 772 2152 802 more
2180 761 2297 805 illud:
2343 763 2521 807 invidiae

349 834 550 872 opponere
579 823 621 862 in
649 836 679 862 c.
713 823 911 872 XXVIII,
939 823 961 874 ξ
990 828 1053 872 60,
1080 826 1263 864 conferat
1288 837 1324 873 p.
1355 826 1459 863 Mur.
1488 825 1510 874 ξ
1538 830 1587 863 87
1618 827 1669 864 ad
1698 837 1851 864 omnem
1873 825 2073 863 invidiam
2104 827 2322 874 opponitur
2350 829 2521 867 Murena

350 883 437 925 Cat.
463 883 531 924 III
561 884 584 936 ἕ
615 888 676 925 28.
707 883 825 936 cives,
852 884 921 937 qui
948 896 991 926 se
1019 885 1281 939 opposuerint
1309 885 1497 928 invidiae.

478 948 590 987 Haec
618 949 702 987 fere
735 952 831 987 sunt
856 950 1049 998 graviora
1077 951 1414 989 Meerdervoortii
1449 951 1629 1000 crimina,
1658 962 1760 999 quae
1788 961 1907 999 quam
1933 962 2013 990 non
2040 951 2326 991 auctoritatem
2354 956 2518 994 nostrae

349 1010 547 1051 orationis
581 1011 804 1062 infringere
836 1013 1004 1063 possint,
1038 1015 1139 1054 satis
1172 1015 1466 1054 demonstrasse
1493 1015 1590 1054 mihi
1619 1015 1774 1054 videor:
1809 1015 1935 1053 Immo
1965 1014 2117 1054 factum
2143 1027 2229 1054 esse
2256 1016 2447 1065 videmus,
2474 1021 2521 1055 ut

349 1085 451 1124 quas
484 1086 549 1115 res
584 1075 760 1116 orationi
793 1075 910 1117 fidem
943 1077 1140 1128 derogare
1167 1077 1309 1128 voluit,
1338 1090 1408 1118 eae
1436 1077 1547 1128 ipsae
1572 1078 1680 1118 haud
1708 1089 1801 1117 raro
1831 1077 1945 1117 fidem
1971 1077 2176 1118 adderent.
2233 1078 2388 1129 Cetera,
2417 1092 2520 1129 quae

349 1139 581 1179 examinare
608 1140 770 1189 longum
806 1145 879 1190 est,
913 1141 975 1180 ita
1002 1142 1111 1181 levia
1138 1145 1242 1190 sunt,
1270 1145 1316 1180 ut
1344 1142 1456 1180 nulla
1484 1141 1731 1180 refutatione
1758 1141 1881 1190 digna
1908 1141 2136 1191 videantur,
2163 1142 2402 1191 praesertim
2431 1154 2518 1181 cum

348 1202 509 1254 saepius
536 1214 615 1243 non
643 1203 753 1243 sanis
772 1204 1034 1255 argumentis,
1061 1205 1131 1245 sed
1158 1205 1273 1245 vanis
1302 1206 1516 1245 verborum
1544 1204 1725 1255 aucupiis
1752 1204 1949 1244 nitantur.
2003 1203 2081 1244 Sed
2106 1205 2189 1255 jam
2220 1217 2268 1244 ex
2297 1205 2391 1254 illis,
2419 1217 2521 1253 quae

348 1266 463 1305 modo
501 1267 768 1306 tractavimus
804 1268 1028 1318 apparebit,
1059 1268 1453 1307 Meerdervoortium
1491 1271 1717 1318 susceptum
1747 1280 1846 1317 opus
1872 1269 1977 1307 male
2003 1267 2243 1307 sustinuisse
2270 1273 2391 1316 atque
2418 1268 2521 1307 nihil

349 1329 509 1367 omnino
540 1330 768 1380 profecisse,
794 1331 864 1370 sed
883 1331 988 1379 quod
1016 1331 1201 1370 doctrina
1220 1335 1261 1370 et
1279 1330 1439 1380 ingenio
1466 1342 1546 1370 non
1576 1330 1721 1381 potuit,
1748 1330 1917 1370 audacia
1945 1334 1986 1370 et
2012 1330 2242 1370 temeritate
2266 1342 2521 1381 compensare

349 1396 518 1433 conatus
546 1397 618 1434 est.
673 1393 883 1443 Nimirum,
918 1397 965 1433 ut
992 1394 1124 1445 prima
1152 1399 1324 1435 mereret
1360 1394 1574 1444 stipendia,
1608 1394 1965 1433 commodissimam
1995 1400 2036 1433 et
2061 1394 2311 1444 aptissimam
2339 1395 2417 1433 sibi
2444 1396 2519 1433 ele-

348 1456 411 1505 git
435 1459 616 1495 nostram
645 1456 880 1507 orationem,
907 1457 950 1497 in
980 1470 1099 1507 quam
1127 1458 1287 1508 impune
1315 1457 1467 1507 ingenii
1497 1469 1661 1497 acumen
1690 1461 1905 1498 exerceret.

480 1519 635 1569 Quibus
668 1521 789 1559 rebus
823 1521 1017 1570 expositis
1042 1522 1127 1571 Jam
1167 1525 1348 1572 apparet,
1378 1533 1513 1560 omnes
1540 1521 1796 1572 suspiciones,
1825 1521 1968 1569 quibus
1997 1521 2159 1570 impulsi
2187 1520 2270 1560 sint
2297 1519 2407 1559 docti
2439 1519 2520 1559 viri

348 1583 400 1623 ad
424 1583 702 1633 dubitandum,
731 1596 780 1623 ex
799 1583 925 1634 ipsius
958 1585 1154 1625 orationis
1175 1585 1314 1633 lingua
1343 1588 1383 1623 et
1412 1597 1594 1624 sermone
1622 1588 1740 1623 natas
1761 1597 1857 1633 esse,
1885 1588 2055 1624 externa
2074 1598 2170 1624 vero
2191 1587 2441 1633 argumenta,
2473 1588 2521 1621 ut

350 1658 471 1686 causa
492 1646 653 1687 infirma
683 1646 867 1687 nonnihil
896 1648 1238 1697 corroboraretur,
1266 1659 1385 1697 aegre
1413 1651 1454 1688 et
1483 1648 1665 1687 omnibus
1695 1647 1847 1696 ingenii
1875 1647 2031 1688 viribus
2052 1647 2270 1688 consumtis
2290 1649 2521 1696 comparata

350 1722 436 1750 esse
457 1715 498 1750 et
526 1711 729 1750 extricata
749 1715 871 1760 atque
886 1712 989 1750 talia
1011 1723 1106 1761 esse,
1134 1723 1237 1760 quae
1264 1711 1414 1750 nemini
1440 1711 1520 1750 nisi
1536 1711 1686 1750 homini
1701 1711 1979 1761 praejudicata
2005 1711 2191 1763 opinione
2205 1714 2413 1750 occaecato
2429 1722 2519 1760 pro-

348 1773 439 1813 bari
469 1773 636 1823 possint.
696 1774 826 1823 Quum
853 1775 958 1813 enim
978 1775 1020 1813 in
1039 1775 1128 1824 ipsa
1147 1775 1330 1813 oratione
1349 1778 1446 1812 nota
1467 1776 1539 1813 illa
1567 1775 1761 1813 sermonis
1789 1775 1992 1822 elegantia
2020 1778 2142 1821 atque
2167 1777 2380 1812 consuetus
2406 1774 2519 1811 nitor

349 1835 588 1876 elocutionis
620 1836 823 1877 interdum
850 1837 1114 1888 desideretur,
1133 1837 1393 1877 nihilominus
1429 1849 1563 1877 omnes
1588 1836 1851 1886 antiquitatis
1878 1839 2015 1887 testes,
2046 1836 2088 1876 id
2115 1837 2220 1885 quod
2246 1848 2337 1876 mox
2366 1835 2518 1876 videbi-

349 1911 446 1948 mus,
473 1903 546 1937 aut
573 1900 815 1949 simpliciter
840 1905 1044 1940 auctorem
1066 1902 1273 1952 appellant
1301 1901 1542 1948 Ciceronem,
1581 1904 1653 1938 aut
1680 1899 1820 1951 a'perte
1847 1911 1919 1939 nos
1945 1900 1997 1938 ad
2025 1911 2114 1938 eum
2140 1900 2335 1948 relegant.
2391 1898 2520 1949 Quam

349 1963 485 2002 obrem
523 1963 676 2002 nullam
705 1963 864 2003 0111111110
900 1967 1053 2003 certam
1079 1965 1230 2003 habent
1264 1977 1423 2003 causam
1468 1963 1704 2011 adversarii,
1741 1976 1812 2002 cur
1847 1964 1897 2002 ad
1927 1963 2051 2002 alium
2078 1967 2284 2001 auctorem
2309 1962 2521 2001 conferant

348 2025 582 2076 orationem,
617 2029 658 2067 et
683 2038 786 2076 quae
812 2026 1021 2079 disputata
1050 2030 1155 2077 sunt,
1182 2030 1228 2067 ut
1253 2027 1428 2076 aliquem
1449 2026 1623 2066 Aonium
1643 2026 1873 2067 Palearium
1902 2026 1967 2066 vel
1994 2026 2177 2076 Tuscum,
2204 2026 2291 2066 sive
2319 2025 2514 2066 disertum

348 2090 550 2130 rhetorem
583 2091 625 2130 in
654 2091 875 2141 provincia,-
910 2092 997 2131 sive
1024 2092 1221 2130 infantem
1249 2092 1559 2130 declamatorem
1586 2090 1628 2129 in
1655 2093 1754 2130 urbe
1781 2090 2103 2130 substituendam
2129 2101 2214 2129 esse
2242 2089 2286 2128 in
2313 2089 2515 2129 Ciceronis

347 2153 477 2193 locum
505 2155 730 2203 edoceatur,
756 2154 863 2193 omni
888 2155 1139 2194 firmamento
1166 2167 1330 2205 prorsus
1357 2158 1509 2193 carent.

479 2216 678 2266 Quoniam
705 2217 833 2266 igitur
860 2217 1042 2256 omnibus
1068 2230 1170 2266 quae
1198 2217 1446 2269 protulerint
1473 2220 1726 2256 accusatores
1752 2215 2001 2264 argumentis
2027 2214 2245 2264 diligenter
2272 2214 2513 2254 examinatis

347 2279 502 2319 nullam
531 2281 690 2320 omnino
716 2281 870 2331 justam
898 2293 983 2321 esse
1012 2294 1172 2321 causam
1199 2281 1414 2329 docuimus,
1442 2293 1512 2319 cur
1540 2293 1564 2319 a
1583 2280 1774 2319 Cicerone
1802 2278 2069 2328 abjudicanda
2096 2278 2286 2318 videatur
2307 2278 2438 2317 oratio
2468 2278 2517 2316 de

347 2343 606 2393 haruspicum
640 2355 842 2394 responSO,
880 2344 1065 2392 sequitur
1100 2348 1147 2384 ut
1174 2344 1366 2384 audiatur
1396 2347 1437 2383 et
1472 2344 1603 2382 altera
1631 2354 1736 2394 pars,
1772 2345 1894 2391 atque
1923 2341 2066 2392 omnia,
2095 2353 2198 2390 quae
2224 2353 2296 2393 pro
2326 2341 2517 2381 Cicerone

350 2411 546 2457 pugnant,
575 2411 900 2459 percenseantur.
1886 2441 1889 2446 .
2261 2458 2264 2462 ,

478 2470 537 2510 Ut
566 2484 662 2512 vero
692 2471 862 2522 singulis
889 2471 1114 2523 principum
1142 2471 1411 2511 accusationis
1439 2469 1685 2521 criminibus,
1713 2470 2023 2520 respondeamus
2043 2470 2191 2521 duplex
2219 2473 2261 2510 et
2287 2469 2352 2509 hic
2379 2472 2521 2509 nostra

349 2535 534 2582 quaestio
564 2536 619 2575 sit
647 2548 808 2576 necesse
836 2540 909 2585 est,
937 2539 1061 2584 atque
1088 2537 1298 2575 doceamus
1326 2535 1517 2586 primum:
1553 2534 1776 2574 orationem
1812 2534 1861 2573 de
1887 2535 1963 2573 har
1997 2546 2099 2585 resp.
2126 2545 2269 2573 revera
2297 2544 2382 2572 esse
2409 2544 2433 2571 a
2452 2532 2514 2571 Ci-

349 2608 494 2638 cerone
522 2598 717 2649 habitam,
744 2600 934 2639 alterum:
962 2602 1142 2639 nostram
1172 2599 1398 2639 orationem
1425 2609 1510 2637 esse
1540 2597 1653 2637 illam
1682 2597 1906 2647 genuinam.

479 2662 539 2700 Ac
576 2663 749 2712 primum
788 2663 947 2713 quidem
980 2663 1130 2702 dixisse
1158 2663 1318 2701 omnino
1348 2662 1578 2700 Ciceronem
1607 2662 1655 2700 de
1683 2661 1752 2700 illo
1781 2664 2019 2709 argumento
2054 2660 2096 2699 in
2115 2662 2260 2699 senatu
2285 2660 2369 2709 jam
2395 2669 2521 2706 nemo,

346 2733 470 2764 sanus
503 2729 637 2775 negat.
692 2725 785 2766 Etsi
822 2725 928 2766 enim
957 2725 1224 2766 Marklandus
1250 2725 1361 2766 dolet
1389 2724 1617 2765 Ciceronem
1656 2724 1758 2765 nihil
1796 2723 1992 2775 ejusmodi
2020 2724 2068 2764 de
2093 2736 2135 2764 se
2166 2723 2297 2775 ipsum
2324 2720 2519 2773 profiteri,

349 2788 456 2836 quod
485 2790 628 2837 quanti
657 2790 713 2828 sit
738 2790 1033 2829 aestimandum
1058 2791 1142 2840 Jam
1171 2789 1374 2829 Savelsius
1400 2792 1508 2827 recte
1535 2792 1681 2838 monet,
1715 2792 1846 2828 tamen
1883 2788 2022 2839 gravis
2058 2799 2194 2827 rerum
2231 2786 2302 2825 illo
2338 2787 2519 2833 tempore

347 2854 556 2899 gestarum
585 2856 728 2892 auctor
756 2853 917 2892 Cassius
944 2854 1022 2892 Dio
1051 2857 1205 2903 narrat,
1240 2857 1281 2893 et
1308 2853 1491 2892 Clodium
1526 2853 1627 2892 illud
1655 2853 1913 2903 haruspicum
1949 2862 2181 2900 responsum
2214 2850 2256 2888 in
2285 2849 2518 2887 Ciceronem

346 2925 433 2954 esse
462 2915 789 2967 interpretatum,
817 2920 858 2956 et
886 2917 1117 2957 Ciceronem
1146 2916 1331 2956 oratione
1358 2916 1400 2955 in
1429 2915 1611 2956 Clodium
1640 2929 1726 2956 esse
1753 2916 1957 2957 invectum
1983 2918 2105 2964 atque
2124 2912 2426 2954 criminationes
2459 2911 2516 2951 de

443 3033 464 3069 ¹)
488 3034 607 3064 Meerd.
632 3045 663 3073 p.
687 3038 738 3070 85.

436 3086 461 3117 ²)
484 3087 575 3116 wolf
594 3089 627 3117 in
652 3090 672 3118 Ι.
697 3090 718 3121 Ι.
744 3089 844 3126 1111101·4
872 3090 977 3119 ΧιΙΙΙ.

438 3140 465 3177 ³)
491 3142 522 3170 L.
549 3142 571 3170 1.
595 3142 699 3177 praef,
738 3142 770 3177 ⁴)
796 3137 814 3169 ὁ
838 3139 874 3170 δὲ
897 3136 958 3171 οὖν
980 3140 1132 3182 Κικέρων
1154 3138 1260 3184 ὀργὴν
1283 3140 1355 3181 εἶχε
1379 3142 1436 3171 καὶ
1459 3143 1660 3183 κατηγορίας
1683 3140 1839 3172 ἐποιεῖτο.
1879 3141 1973 3171 Cass.
1997 3143 2057 3171 Dio
2081 3140 2162 3177 lXL,
2185 3140 2239 3167 21·

2568 575 2606 629 ¹)

2567 2028 2603 2080 ²)

2568 2724 2601 2774 ³)

2565 2852 2602 2904 ⁴)
