2760 3454
1231 214 1496 256 ..11-

274 337 422 375 tenere
446 335 644 382 statuens,
670 330 881 372 falsarium
910 330 1120 382 exagitare
1138 331 1276 379 studet
1284 330 1326 384 ¹),
1353 330 1459 381 quod
1485 333 1533 370 ut
1558 332 1837 379 consequatur,
1864 329 1998 375 omnia
2025 328 2247 380 experitur.
2300 325 2448 376 Itaque

270 395 434 436 ‘factum
452 397 525 445 est,
551 397 599 435 ut
616 394 824 445 ingeniosa
842 394 1014 443 quadam
1033 393 1294 443 improbitate
1311 397 1475 444 praeter
1492 394 1651 433 modum
1671 394 1865 443 abreptus
1884 393 1987 433 nihil
2005 393 2146 433 audiat
2163 391 2244 432 nisi
2264 388 2446 431 inanium
2499 396 2534 450 ¹)

271 457 497 502 verborum
523 458 750 509 strepitum,
777 457 856 498 nisi
884 470 1033 498 meram
1060 457 1293 508 balbutiem,
1311 461 1358 498 ut
1376 470 1465 498 eum
1485 458 1647 497 taedeat
1665 456 1935 497 deliramenta
1957 456 2010 496 ad
2031 456 2228 496 rationem
2247 453 2445 504 redigere,

280 523 456 573 denique
479 525 526 562 ut
554 524 643 561 tota
670 520 801 561 oratio
831 520 868 561 ei
896 521 1069 561 sordeat.

412 579 529 626 Hanc
555 584 693 625 Wolfii
721 585 940 633 quaerendi
963 585 1162 624 rationem
1182 574 1351 634 ‘Beckio,
1377 584 1576 634 Schiitzio,
1619 585 1710 625 aliis
1746 597 1783 625 v.
1819 584 1854 623 d.
1897 587 1970 623 aut
1996 583 2116 633 plane
2144 582 2443 631 comprobatam

279 661 380 699 esse,
407 652 479 689 aut
506 648 568 688 ita
593 651 640 688 ut
667 660 745 688 uno
773 659 841 688 ore
869 659 1003 688 omnes
1032 646 1253 687 orationem
1289 647 1338 686 de
1379 648 1464 687 har.
1506 660 1607 697 resp.
1642 648 1974 697 condemnarent,
2006 647 2092 698 jam
2126 645 2245 686 initio
2279 654 2443 685 comme·

282 716 482 754 moratum
510 716 581 752 est.
635 712 712 752 Sed
738 724 826 752 cum
854 712 916 751 illi
944 711 1023 751 viri
1051 711 1227 751 maxima
1254 723 1303 750 ex
1332 715 1449 760 parte
1478 711 1519 751 in
1544 712 1814 752 retractandis
1830 710 1969 751 Wolfii
1996 716 2039 750 et
2062 708 2297 750 Marklandi
2324 718 2441 756 argu-

283 776 431 817 mentis
458 776 756 827 acquieverunt,
783 776 862 816 nisi
890 776 995 825 quod
1021 775 1233 815 Schutzius
1261 787 1388 825 pauca
1416 776 1609 825 quaedam
1630 779 1671 815 et
1689 776 1795 816 levia
1814 774 1981 825 addidit,
2009 785 2112 825 quae
2136 785 2162 814 a
2190 773 2441 821 Lahmeyero

266 842 365 893 ⁸J'am
384 841 565 881 refutata
582 844 688 891 sunt,
707 840 1210 890 Meerdervortius,Wolfii
1226 840 1450 881 rationibus
1470 842 1624 891 ductus,
1645 845 1810 881 conatus
1830 842 1915 892 eius
1934 852 2014 880 non
2042 839 2130 880 sine
2145 837 2282 887 aliquo
2307 836 2442 876 fructu

283 904 540 946 continuavit
566 907 608 944 et
635 904 761 944 auxit.
816 905 857 945 Is
883 904 987 944 enim
1016 904 1066 943 ad
1093 903 1343 944 subtilitates
1371 904 1533 955 linguae
1561 908 1601 943 et
1630 904 1800 944 maxime
1826 905 1877 944 ad
1899 903 2137 943 tenuissima
2154 899 2336 940 Tulliani
2362 910 2441 937 ser-
2494 921 2531 976 2)

284 969 412 1009 monis
448 968 680 1008 discrimina
707 969 881 1008 animum
909 969 1085 1008 intendit
1110 973 1151 1008 et
1179 969 1378 1017 permulta
1406 969 1580 1017 vestigia
1607 969 1762 1008 alienae
1789 981 1928 1008 manus
1954 973 1996 1007 et
2023 967 2173 1007 mentis
2201 978 2226 1005 a
2253 963 2443 1004 Tulliana

283 1033 541 1074 abhorrentis
569 1031 699 1073 acutis
717 1032 883 1073 naribus
912 1032 1125 1083 indagasse
1150 1033 1227 1073 sibi
1255 1032 1428 1072 videtur.
1482 1031 1636 1083 Quibus
1665 1033 1912 1082 argumentis
1939 1036 2134 1083 quantum
2171 1028 2228 1070 sit
2265 1026 2442 1068 tribuen-

283 1095 377 1136 dum
404 1099 450 1135 ut
478 1096 775 1145 perspiciamus,
807 1107 1045 1145 quaeramus
1072 1096 1267 1145 deinceps,
1294 1099 1340 1134 ut
1365 1107 1439 1144 par
1467 1099 1538 1144 est,
1565 1096 1747 1144 primum,
1775 1108 1868 1135 num
1895 1096 1991 1145 quid
2019 1096 2062 1134 in
2082 1092 2349 1145 grammatica
2380 1102 2443 1130 ra·

285 1161 395 1201 tione
414 1164 555 1200 contra
573 1164 788 1209 praecepta
808 1160 971 1210 linguae
989 1161 1142 1200 latinae
1161 1159 1410 1200 commissum
1437 1159 1492 1199 sit
1520 1159 1562 1199 in
1591 1163 1730 1199 nostra
1750 1159 1940 1210 oratione,
1966 1171 2061 1200 num
2087 1156 2315 1199 sententiae
2333 1167 2443 1205 repe·

284 1225 446 1265 riantur
465 1220 636 1273 ineptae,
663 1235 766 1273 quae
794 1224 1102 1265 declamatorem
1130 1224 1264 1274 potius
1292 1224 1511 1273 redoleant,
1539 1236 1657 1273 quam
1685 1236 1877 1263 summum
1904 1228 2118 1273 oratorem,
2146 1221 2326 1270 tertium,
2351 1231 2445 1259 num

286 1289 329 1329 in
357 1288 581 1328 elocutione
608 1290 650 1327 et
671 1288 712 1327 in
733 1288 957 1337 deligendis
983 1288 1152 1338 singulis
1179 1287 1313 1327 verbis
1332 1293 1537 1336 peccatum
1566 1288 1621 1327 sit
1648 1292 1789 1327 contra
1816 1300 1940 1338 usum,
1968 1288 2038 1337 qui
2065 1287 2217 1327 dicitur
2243 1283 2445 1325 Ciceronis

284 1351 512 1402 peculiaris.
568 1351 765 1401 Ceterum,
793 1355 839 1391 ut
866 1352 939 1391 hoc
967 1352 1237 1401 praemittam,
1256 1363 1334 1391 non
1354 1363 1520 1391 vereror
1541 1363 1591 1391 ne
1610 1351 1673 1391 cui
1704 1351 1809 1391 forte
1835 1352 1991 1402 longior
2010 1352 2154 1392 videar
2173 1350 2216 1390 in
2237 1347 2453 1399 exigendis

286 1415 622 1455 Meerdervoortii
648 1414 1007 1465 criminationibus,
1036 1427 1155 1464 quum
1184 1415 1226 1455 id
1254 1415 1351 1454 mihi
1376 1416 1662 1465 proposuerim,
1689 1419 1734 1455 ut
1761 1417 2045 1456 auctoritatem
2074 1416 2162 1466 ejus
2195 1413 2276 1454 viri
2302 1411 2445 1452 infrin-

283 1491 391 1530 gam,
418 1479 487 1528 qui
514 1479 740 1528 praeceptis
768 1479 890 1518 Bakii
917 1483 958 1518 et
986 1479 1125 1519 Cobeti
1154 1479 1230 1519 vir.
1258 1479 1314 1518 ill.
1342 1491 1427 1519 sese
1453 1479 1696 1519 instructum
1723 1481 1970 1530 profiteatur,
1996 1480 2039 1520 in
2067 1491 2145 1529 quo
2174 1478 2227 1518 ad
2255 1476 2446 1517 tuendum

285 1542 488 1583 Ciceronis
514 1554 655 1582 nomen
684 1542 725 1582 in
751 1547 892 1583 nostra
919 1543 1100 1583 oratione
1129 1547 1170 1583 et
1197 1543 1282 1593 ipse
1309 1555 1435 1593 pauca
1463 1544 1655 1593 quaedam
1684 1556 1787 1583 nova
1812 1544 2012 1584 addidisse
2039 1543 2138 1583 mihi
2166 1541 2319 1583 videor.

417 1606 478 1645 Ac
504 1605 676 1655 primum
702 1606 872 1656 quidem,
901 1611 946 1646 ut
973 1608 1073 1647 illud
1099 1610 1289 1656 repetam,
1322 1607 1363 1646 in
1390 1608 1657 1657 grammatica
1684 1608 1839 1648 ratione
1876 1620 1957 1648 una
1992 1611 2153 1647 tantum
2194 1605 2361 1655 gravior
2388 1602 2445 1642 of-

285 1669 414 1709 fensio
441 1669 628 1719 occurrit,
655 1682 757 1719 quae
780 1671 863 1721 jam
895 1673 945 1710 ab
973 1671 1125 1711 Haasio
1158 1671 1228 1723 (ad
1256 1671 1424 1721 Reisig's
1453 1672 1728 1722 Vorlesungen
1764 1676 1837 1711 etc.
1872 1685 1908 1722 p.
1943 1675 2022 1712 478
2051 1675 2133 1711 not.
2169 1668 2268 1721 441)
2304 1671 2450 1708 notata

289 1736 363 1783 est,
388 1733 493 1782 quod
520 1744 551 1772 c.
578 1734 643 1773 XI
671 1733 694 1786 ξ
724 1738 773 1773 22
805 1735 934 1783 „haud
968 1735 1049 1775 scio
1078 1737 1151 1775 an“
1180 1735 1342 1785 legitur,
1369 1735 1437 1775 ubi
1465 1748 1514 1775 ex
1543 1736 1743 1776 Ciceronis
1770 1735 1956 1785 loquendi
1984 1746 2094 1775 more
2128 1734 2258 1785 „haud
2284 1732 2365 1773 scio
2394 1743 2447 1771 an

288 1798 392 1836 non“
424 1796 634 1837 dicendum
663 1801 761 1837 erat.
818 1798 943 1849 Quem
972 1799 1099 1838 locum
1126 1799 1212 1838 sine
1239 1798 1358 1838 dubio
1386 1802 1618 1848 corruptum
1638 1811 1793 1848 quoquo
1813 1800 1925 1839 modo
1945 1798 2150 1848 explicare
2167 1800 2291 1846 atque
2318 1808 2448 1836 emen-

288 1862 387 1901 dare
413 1862 606 1911 volumus,
634 1862 720 1902 sive
745 1875 832 1902 cum
860 1863 1097 1912 simpliciter
1124 1864 1341 1904 statuimus
1369 1863 1611 1913 particulam
1643 1868 1765 1911 ,.non“
1798 1864 2003 1913 excidisse,
2029 1864 2118 1903 sive
2145 1867 2333 1912 putamus
2359 1872 2449 1901 cum

290 1924 464 1973 Handio,
490 1925 638 1964 Turell.
666 1925 744 1975 III,
774 1929 834 1965 24:
865 1927 995 1974 „haud
1023 1926 1103 1965 scio
1133 1930 1207 1966 1111*ζ
1248 1927 1506 1966 librariorum
1533 1927 1688 1966 incuria
1723 1939 1772 1966 ex
1800 1927 1928 1976 „haud
1946 1938 2045 1966 sane
2069 1928 2231 1966 uatum“
2259 1936 2356 1974 esse,
2384 1923 2450 1963 vel

288 1999 339 2026 ex
364 1988 492 2036 „haud
520 1987 600 2027 scio
624 1991 753 2038 num“,
780 1989 866 2029 sive
891 1990 1073 2039 denique,
1110 1990 1152 2029 id
1192 1991 1297 2039 quod
1325 1989 1636 2041 Lahmeyerus⁸)
1662 1990 1814 2038 suadet,
1849 1990 2030 2040 ejicimus
2066 1994 2197 2038 totum
2233 1989 2374 2036 locum,
2402 1990 2451 2026 ut
2498 2022 2515 2044 ⁸

289 2049 573 2100 interpositum
601 2051 880 2102 explicationis
909 2065 1029 2094 causa
1056 2054 1106 2093 ab
1135 2054 1271 2104 inepto
1300 2053 1561 2105 grammatico
1581 2053 1812 2103 posterioris
1832 2054 2035 2104 temporis,
2055 2053 2130 2094 hoc
2148 2056 2259 2094 certe
2278 2054 2450 2101 constat,
2515 2021 2533 2072 )

291 2117 333 2153 et
363 2113 405 2153 in
433 2126 478 2153 eo
507 2126 641 2155 omnes
667 2116 776 2156 docti
804 2117 884 2156 viri
912 2117 1179 2168 consentiunt,
1215 2119 1290 2157 hac
1323 2129 1403 2157 una
1438 2129 1482 2156 re
1519 2116 1619 2156 nihil
1656 2117 1818 2165 probari
1844 2129 1960 2167 posse
1987 2129 2118 2167 neque
2145 2118 2269 2157 ullam
2296 2114 2451 2155 moveri

281 2178 564 2230 suspicionem,
591 2180 830 2231 praesertim
856 2194 946 2221 cum
975 2182 1141 2221 eandem
1168 2182 1297 2233 ipsam
1324 2182 1461 2232 legem,
1487 2184 1627 2221 contra
1645 2193 1761 2229 quam
1780 2181 1845 2221 hic
1871 2185 2081 2233 peccatum
2101 2186 2175 2233 est,
2203 2181 2355 2233 optime
2382 2180 2449 2220 ob-

289 2245 495 2284 servatam
522 2242 728 2284 videamus
756 2255 787 2284 c.
815 2244 863 2295 V,
892 2244 914 2298 ξ
945 2249 993 2284 10
1023 2249 1064 2285 et
1091 2258 1120 2286 c.
1142 2245 1236 2296 VII,
1267 2245 1290 2298 ξ
1320 2248 1380 2286 14.

420 2308 576 2347 Deinde
602 2309 708 2357 quod
734 2309 1046 2361 Lahmeyerus⁴)
1075 2322 1211 2349 vocem
1238 2311 1424 2359 refertus,
1452 2322 1487 2359 a,
1515 2322 1579 2348 um
1608 2309 1649 2348 in
1677 2321 1707 2348 c.
1735 2309 1854 2359 XIII,
1882 2309 1906 2362 ξ
1935 2314 1985 2350 28
2014 2311 2237 2351 insolenter
2265 2321 2355 2349 cum
2383 2320 2450 2358 ge-

291 2371 428 2412 netivo
455 2383 601 2421 rerum,
619 2376 674 2412 -ut
700 2372 833 2412 dicere
868 2373 998 2413 solent
1035 2374 1301 2424 grammatici,
1329 2375 1578 2425 conjunctam
1617 2384 1702 2412 esse
1729 2377 1858 2424 putat,
1896 2374 2105 2424 ignorasse
2132 2375 2295 2415 videtur
2320 2373 2451 2426 ipsum
2498 2359 2536 2413 ⁴)

292 2434 524 2474 Ciceronem
552 2436 626 2474 hoc
661 2435 765 2475 idem
801 2435 879 2475 sibi
914 2437 1129 2488 sumpsisse
1160 2437 1202 2477 in
1239 2438 1355 2477 Verr.
1391 2442 1467 2477 act.
1504 2436 1558 2486 II,
1592 2436 1613 2474 I
1650 2435 1672 2487 ξ
1703 2439 1789 2486 120,
1816 2437 1885 2476 ubi
1912 2437 2040 2477 Italia
2073 2438 2193 2490 plena
2221 2449 2268 2477 ac
2296 2437 2453 2476 referta

292 2497 478 2537 fanorum
510 2498 670 2537 dicitur.

424 2561 553 2600 Porro
572 2560 809 2611 intellegere
825 2575 903 2602 non
923 2575 1092 2614 possum,
1106 2575 1177 2603 cur
1191 2564 1340 2603 Meerd.
1354 2563 1394 2602 in
1409 2576 1428 2603 c
1453 2562 1565 2614 III,§
1585 2566 1607 2601 6
1624 2562 1865 2602 locutionem
1885 2563 2029 2612 „valde
2054 2567 2117 2603 est
2135 2562 2344 2612 iniquunr‘
2363 2574 2453 2602 con·
2502 2589 2538 2641 s)

289 2625 357 2663 tra
381 2622 490 2673 leges
509 2623 672 2675 linguae
690 2625 843 2666 latinae
862 2626 1034 2678 positam
1064 2638 1149 2667 esse
1175 2630 1291 2678 putet
1312 2631 1353 2667 et
1380 2626 1676 2678 conjunctivum
1693 2626 1881 2677 postulet,
1900 2638 2017 2676 quem
2037 2626 2179 2667 dicunt
2191 2625 2451 2678 grammatici

292 2688 588 2737 protentialem.
635 2689 693 2727 At
708 2701 758 2728 ne
778 2689 863 2739 ipse
881 2690 1041 2738 quidem
1057 2691 1189 2739 Justas
1208 2691 1250 2728 in
1270 2694 1455 2740 promptu
1474 2690 1596 2728 habet
1624 2701 1776 2738 causas,
1804 2690 1949 2738 quibus
1977 2701 2050 2730 nos
2077 2691 2129 2730 ad
2149 2702 2263 2730 suam
2282 2690 2454 2729 deducat

277 2752 547 2802 sententiam,
566 2753 645 2792 nisi
673 2753 795 2792 istud:
824 2753 881 2793 sic
909 2754 1012 2803 volo,
1037 2754 1095 2793 sic
1122 2756 1268 2793 statuo.
1317 2753 1425 2792 Satis
1454 2753 1551 2792 mihi
1579 2757 1641 2792 est
1669 2758 1942 2793 accusatorem
1969 2754 2021 2793 ad
2043 2753 2331 2803 grammaticos
2352 2753 2453 2792 rele-

385 2911 409 2949 ¹)
435 2913 532 2943 wolf.
555 2923 584 2951 p.
606 2915 681 2952 342,
707 2916 818 2951 quidni
847 2915 945 2944 liceat
967 2915 1129 2944 interdum
1154 2916 1292 2944 illudere
1321 2916 1484 2952 scriptori,
1516 2915 1572 2944 ubi
1602 2915 1755 2953 indignus
1780 2919 1833 2944 est
1863 2916 1950 2944 seria
1982 2915 2249 2952 reprehensione.

386 2975 415 3013 ²)
445 2978 534 3007 Wolf
553 2987 583 3015 p.
607 2979 668 3008 305
693 2987 724 3009 u.
748 2980 820 3009 350.

381 3039 408 3077 ⁸)
434 3042 616 3078 Lahmeyer
638 3043 671 3071 in
696 3043 716 3071 1.
742 3043 763 3071 1.
787 3050 861 3081 pag.
884 3045 925 3072 34
948 3047 980 3072 et
1002 3043 1053 3071 35.

379 3104 409 3141 ⁴)
435 3106 517 3134 idem
543 3107 574 3135 111
599 3107 619 3138 Ι,
645 3107 665 3135 Ι.
689 3114 764 3144 pag,
787 3108 837 3138 36,

380 3166 413 3204 ⁶)
437 3168 735 3207 hleerdervoort-p.
761 3172 812 3200 19.
2396 3171 2418 3204 3
