2760 3454
1303 185 1570 225 ...14-

352 301 490 352 magni
514 301 676 352 habeat,
709 300 925 341 dubitandi
951 301 1124 352 speciem
1162 301 1367 352 praebere,
1401 300 1570 351 proinde
1606 311 1655 341 ac
1689 300 1726 341 si
1752 312 1833 341 non
1857 300 2031 344 multum
2057 302 2224 346 intersit
2251 308 2389 348 utrum
2415 306 2521 349 sciat

352 377 489 416 necne,
514 364 558 406 id
583 364 690 415 quod
715 364 978 406 confirmatur
1003 365 1102 405 locis
1129 365 1173 405 in
1192 365 1308 404 Verr.
1326 365 1399 414 IV,
1427 366 1449 415 ἓ
1468 368 1495 404 4
1513 368 1556 404 31
1577 368 1619 404 5;
1654 364 1697 404 Is
1723 365 1935 405 dicebatur
1962 377 2050 407 esse
2068 367 2266 446 Myronis,
2292 372 2341 409 ut
2365 369 2518 422 opinor,

354 433 398 472 et
423 431 545 470 recte.
596 427 711 469 Idem
738 427 903 480 artifex,
930 428 1083 480 opinor,
1110 429 1286 480 ejusdem
1311 428 1418 469 modi
1443 427 1678 478 Cupidinem
1705 427 1815 468 fecit.

369 501 382 506 “
484 492 748 535 Manifestam
786 492 869 532 vim
904 495 1040 532 autem
1079 491 1231 531 inferre
1257 491 1421 531 videtur
1461 494 1624 531 nostrae
1651 490 1828 532 orationi
1856 491 1911 531 M.
1940 490 2010 531 ubi
2038 503 2069 532 3.
2095 491 2176 533 XV
2204 494 2227 545 ἓ
2256 498 2321 535 33.
2360 495 2520 536 1333331

354 556 498 597 verba:
536 559 606 606 „tu
632 567 762 595 meam
788 555 946 595 domum
978 555 1207 604 religiosam
1235 555 1369 594 facere
1396 554 1592 604 potuisti?
1621 566 1698 602 quo
1727 554 1933 603 pulvinari
1941 554 1982 592 ?“
2008 554 2158 605 inepta,
2187 556 2331 607 inquit,
2359 558 2520 609 locutio,

355 618 554 668 siquidem
580 618 721 659 domus
746 621 889 659 3311313
916 618 963 658 111
991 618 1077 669 eJus
1105 617 1405 658 consecratione
1432 630 1457 657 3
1483 617 1682 668 1103111133,
1715 628 1794 657 303
1822 619 1957 657 antem
1985 620 2128 657 sancta
2155 619 2243 659 fieri
2269 623 2404 669 potest
2431 621 2520 670 ipsa

353 682 515 722 actione
542 681 716 731 ponendi
742 682 785 721 in
806 694 893 721 eam
922 681 997 733 (313
1005 681 1033 733 ')
1060 681 1287 730 pulvinaris
1315 685 1355 720 et
1383 681 1598 721 simulacri.
1652 680 1794 720 Nonne
1820 681 1920 720 haec
1938 681 2198 730 pervertendi
2226 686 2348 732 atque
2377 684 2516 734 depra-

354 745 480 787 vandi
505 744 641 795 potius
669 744 776 785 ratio
804 748 877 795 est,
904 756 1024 794 quam
1051 744 1348 793 interpretandi
1377 748 1417 784 et
1445 743 1728 784 examinandi?

484 809 613 850 Porro
632 808 783 849 Meerd.
802 808 843 849 C.
862 808 1044 848 Graccho
1073 808 1393 858 magnitudinem
1421 808 1545 848 animi
1572 808 1675 848 falso
1704 819 1790 848 esse
1817 807 2015 848 tributam
2044 808 2274 848 arbitratur
2302 809 2345 849 in
2373 822 2404 849 c.
2424 781 2518 859 XX,

354 875 377 924 ξ
403 877 454 913 43
484 884 608 922 quum
635 872 771 923 magni
797 872 921 912 animi
959 871 1105 911 fuisset
1132 883 1211 911 non
1241 875 1323 911 tam
1352 876 1541 921 expetere
1566 883 1716 922 poenas
1745 871 1888 911 mortis
1917 870 2135 922 fraternae,
2162 883 2281 921 quam
2316 872 2521 923 ignoscere

352 936 686 979 interfectoribus
714 938 757 976 et
782 947 944 986 operam
982 935 1093 985 dare,
1129 938 1175 975 ut
1210 936 1411 976 oblivione
1446 937 1642 976 obruatur
1670 935 1771 976 illud
1799 936 1966 976 facinus.
2021 936 2080 976 At
2107 947 2227 986 quam
2255 948 2335 976 non
2362 948 2451 977 eum
2477 937 2521 977 in

354 1000 639 1052 cognoscendis
665 1003 847 1041 veterum
880 999 1059 1040 moribus
1086 1003 1292 1039 versatum
1321 1012 1407 1040 esse
1433 1004 1631 1050 putamus,
1657 1000 1725 1049 qui
1761 1000 1955 1051 eJusmodi
1993 1012 2120 1050 paene
2158 999 2406 1040 christianae
2433 1001 2521 1039 doc-

357 1065 493 1105 trinae
521 1068 738 1115 praecepta
764 1063 968 1103 inculcare
996 1064 1160 1103 studeat
1188 1063 1289 1103 viris
1317 1076 1412 1103 vere
1426 1063 1629 1112 Romanis,
1656 1064 1725 1112 qui
1754 1064 1856 1103 nihil
1886 1064 2064 1113 aequius,
2094 1063 2198 1102 nihil
2213 1063 2378 1112 justius,
2415 1063 2519 1102 nihil

354 1128 513 1168 dulcius
539 1130 784 1177 statuerunt,
811 1138 931 1176 quam
959 1126 1125 1165 hostem·
1142 1126 1375 1166 interimere
1400 1130 1442 1166 et
1468 1130 1652 1176 acceptas
1680 1126 1852 1178 injilrias
1880 1126 2030 1167 ulcisci.
2075 1124 2397 1175 Magnitudinem
2426 1137 2521 1164 vero

356 1191 494 1241 animi,
520 1203 600 1240 qua
627 1189 781 1240 impelli
809 1190 999 1230 dicantur
1026 1190 1204 1229 homiues
1235 1191 1286 1229 ad
1313 1202 1462 1239 poenas
1492 1191 1720 1240 exigendas,
1748 1190 1850 1230 nihil
1878 1190 1989 1230 aliud
2017 1201 2103 1230 esse
2129 1189 2218 1228 nisi·
2237 1189 2412 1228 animum
2442 1188 2521 1228 for-

355 1257 448 1305 tem,
475 1254 545 1304 qui
572 1265 652 1294 non
679 1252 842 1304 impune
868 1253 1103 1304 lacessatur,
1132 1254 1269 1294 Cicero
1296 1267 1368 1294 nos
1396 1254 1513 1295 docet
1538 1255 1579 1295 in
1608 1255 1720 1295 Tusc.
1760 1258 1904 1304 quaest
1930 1254 2008 1304 III,
2043 1255 2064 1305 ξ
2096 1257 2144 1293 15
2172 1256 2214 1293 et
2239 1252 2281 1293 in
2310 1252 2425 1302 libro,
2454 1252 2522 1302 qui

358 1322 422 1359 est
450 1318 499 1358 de
526 1317 670 1357 officiis
699 1318 731 1367 Ι,
761 1321 821 1357 19.

486 1380 565 1422 Sed
588 1381 673 1433 jam
699 1380 819 1422 nimis
847 1381 977 1422 multa
1006 1382 1055 1422 de
1082 1383 1156 1422 hoc
1184 1394 1331 1432 genere
1358 1382 1580 1422 criminum.
1636 1382 1834 1432 Quoniam
1863 1382 1991 1431 igitur
2018 1382 2223 1421 docuimus
2251 1381 2384 1420 nullas
2412 1379 2521 1428 inep-

357 1446 438 1485 tias
464 1456 675 1484 occurrere
701 1445 744 1484 in
772 1448 914 1485 nostra
940 1446 1135 1496 oratione,
1169 1446 1248 1485 nisi
1278 1458 1376 1495 quas
1403 1446 1592 1486 intulerit
1617 1449 1826 1487 accusator
1851 1445 1946 1496 ipse,
1975 1449 2105 1486 restat
2132 1448 2179 1485 ut
2206 1454 2455 1493 quaeramus,
2481 1442 2522 1481 id

358 1509 463 1559 quod
491 1509 659 1549 tertium
687 1512 750 1548 331
778 1512 820 1549 31
848 1510 1077 1560 maximum,
1104 1522 1198 1549 num
1228 1522 1322 1549 usus
1351 1510 1599 1559 singulorum
1629 1512 1841 1550 verborum
1870 1511 2088 1550 abhorreat
2115 1521 2139 1549 a
2167 1509 2367 1548 Cicerone.

489 1572 551 1613 Ac
575 1571 749 1623 primum
777 1573 936 1623 quidem
964 1574 1172 1614 contendit
1192 1574 1561 1614 Meerdervoortius
1589 1575 1639 1614 ad
1668 1587 1699 1614 3.
1720 1575 1752 1623 Ι,
1774 1576 1796 1624 ἓ
1818 1578 1837 1613 1
1869 1574 2041 1624 „vobis
2068 1574 2118 1613 in
2131 1576 2339 1622 spectan
2352 1571 2525 1615 tibus“,

357 1648 495 1676 vocem
522 1636 775 1686 inspectandi
803 1649 828 1676 a
855 1637 1045 1676 Cicerone
1072 1637 1120 1679 de
1148 1637 1198 1677 iis
1229 1641 1388 1678 tantum
1428 1638 1655 1679 hominibus
1683 1637 1878 1688 adhiberi,
1913 1638 1982 1688 qui
2010 1637 2114 1688 quod
2140 1636 2318 1684 videant,
2351 1634 2526 1674 libenter

358 1700 527 1741 videant
554 1701 890 1749 vehementerque
916 1702 1098 1750 probent.
1166 1701 1293 1751 Quem
1322 1714 1481 1741 sensum
1518 1702 1579 1741 illi
1618 1702 1706 1741 voci
1742 1702 1903 1741 subesse
1934 1702 1976 1741 in
2011 1703 2164 1741 duobus
2199 1701 2249 1739 ab
2279 1698 2349 1737 illo
2387 1696 2525 1736 allatis

357 1763 457 1803 locis
484 1775 521 1813 p.
549 1762 652 1803 Sest.
681 1764 773 1815 XV,
812 1768 861 1804 33
891 1776 927 1814 p.
953 1763 1092 1803 Rabir.
1120 1764 1216 1814 XII,
1252 1767 1303 1804 34
1332 1765 1408 1804 etsi
1436 1764 1555 1805 facile
1584 1766 1764 1815 concedo,
1799 1768 1933 1805 tamen
1967 1777 2065 1805 vera
2101 1765 2187 1815 ejus
2215 1762 2330 1803 verbi
2356 1761 2418 1802 vis
2446 1772 2525 1800 non

359 1831 444 1867 tam
482 1827 525 1867 in
559 1827 735 1867 libenter
767 1828 961 1868 intuendo
997 1840 1116 1876 quam
1153 1827 1195 1867 in
1232 1828 1367 1877 quiete
1404 1833 1446 1868 et
1481 1829 1607 1868 otiose
1638 1829 1855 1878 spectando
1884 1829 2016 1878 posita
2057 1840 2143 1868 esse
2171 1827 2344 1867 videtur.
2398 1825 2524 1864 Immo

356 1902 645 1939 nonnunquam
683 1903 749 1931 eos
775 1891 877 1931 dicit
906 1891 1045 1931 Cicero
1074 1891 1359 1941 inspectantes,
1387 1892 1454 1941 qui
1481 1892 1610 1931 coacti
1636 1895 1732 1931 sunt
1759 1892 1967 1942 adspicere
1995 1891 2149 1942 aliquid
2177 1891 2317 1939 otiose,
2344 1889 2449 1938 quod
2476 1899 2527 1927 ne

357 1954 476 1995 fieret
503 1952 614 1994 certe
639 1965 834 1994 summam
860 1955 1007 1994 darent
1043 1967 1215 2004 operam.
1272 1955 1451 1995 Maxima
1493 1968 1589 1994 vero
1627 1967 1676 1994 ex
1713 1959 1831 2005 parte
1865 1957 1940 1995 hoc
1970 1957 2094 1996 verbo
2130 1954 2233 1994 nihil
2272 1953 2384 1992 aliud
2422 1951 2528 1991 effici

358 2018 451 2058 vult
479 2017 629 2067 Cicero,
656 2029 704 2057 33
730 2017 766 2057 31
794 2017 922 2058 (11331;
948 2019 1098 2057 11311313
1132 2018 1174 2057 13
1202 2022 1415 2068 conspectu
1445 2019 1508 2058 vel
1538 2022 1634 2058 ante
1661 2019 1805 2068 oculos,
1833 2018 1875 2058 id
1903 2019 2008 2068 quod
2036 2017 2297 2059 confirmatur
2321 2016 2385 2055 his
2412 2015 2527 2054 locis:

355 2080 409 2120 de
435 2080 528 2129 imp.
556 2081 693 2131 Pomp.
721 2081 755 2131 §-
783 2084 832 2120 33
861 2093 949 2120 3313
977 2093 1101 2130 prope
1130 2081 1451 2130 inspectantibus
1490 2082 1604 2121 vobis
1633 2082 1772 2121 classis
1800 2094 1826 2121 a
1853 2080 2122 2131 praedonibus
2157 2082 2277 2129 capta
2313 2082 2436 2127 atque
2462 2089 2528 2127 op-

356 2155 500 2193 pressa
528 2146 601 2184 est.
654 2143 700 2183 H
726 2144 843 2184 Verr.
868 2144 941 2194 IV,
967 2145 989 2195 §
1018 2148 1079 2194 24,
1106 2145 1199 2185 hinc
1226 2146 1298 2185 illa
1325 2158 1436 2195 crux,
1462 2145 1503 2184 in
1533 2158 1651 2194 quam
1685 2146 1764 2186 iste
1791 2145 1918 2185 civem
1945 2145 2167 2184 Romanum
2203 2142 2344 2182 multis
2377 2142 2529 2191 inspec-

361 2207 546 2247 tantibus
574 2207 753 2247 sustulit.
805 2207 850 2246 H
870 2207 986 2247 Verr.
1008 2208 1045 2247 V
1066 2209 1088 2259 §
1118 2212 1194 2248 155
1223 2209 1544 2259 inspectantibus
1573 2209 1756 2249 omnibus
1775 2208 2039 2259 Syracusanis
2066 2207 2197 2248 securi
2218 2216 2430 2257 percussus
2458 2208 2531 2244 est.

357 2271 497 2320 Atque
523 2270 615 2320 pari
641 2270 757 2310 modo
784 2273 924 2311 nostro
953 2283 1110 2322 quoque
1137 2273 1222 2312 loco
1251 2272 1529 2322 explicandum
1550 2275 1611 2312 est
1630 2272 1952 2323 inspectantibus
1971 2271 2107 2312 vobis:
2135 2275 2231 2311 ante
2249 2271 2356 2320 ipsos
2374 2272 2531 2309 vestros

357 2334 505 2374 oculos.

491 2398 647 2440 Deinde
675 2398 781 2448 quod
805 2399 976 2440 adnotat
1004 2401 1054 2440 ad
1083 2413 1114 2440 3.
1139 2401 1193 2450 ΙΙ,
1231 2405 1253 2440 3
1284 2401 1337 2439 M.
1372 2402 1478 2452 apud
1507 2400 1735 2442 Ciceronem
1770 2402 2012 2442 locutionem
2038 2400 2251 2449 prohibere
2288 2399 2443 2448 aliquid
2481 2399 2532 2438 ab

359 2463 495 2513 aliquo
522 2475 568 2503 eo
594 2465 755 2504 tantum
789 2474 915 2506 sensu¹
939 2475 1160 2513 occurrere,
1200 2466 1247 2503 ut
1275 2464 1376 2504 illud
1403 2467 1547 2505 contra
1573 2466 1648 2505 hoc
1689 2465 1849 2506 defendi
1883 2464 2143 2515 cogitandum
2170 2463 2237 2513 sit,
2276 2464 2533 2504 vehementer

362 2530 485 2568 errat.
547 2527 650 2567 Nam
684 2527 809 2567 verbo
842 2527 1081 2577 prohibendi
1118 2529 1277 2577 saepius
1305 2529 1387 2569 vim
1424 2529 1587 2569 arcendi
1621 2529 1751 2569 inesse
1785 2541 1874 2570 cum
1913 2528 2053 2569 multis
2080 2527 2173 2568 aliis
2209 2527 2307 2567 locis
2335 2525 2534 2566 Tullianis

361 2592 559 2640 docemur,
587 2594 674 2630 tum
701 2590 897 2631 orationis
926 2591 968 2631 in
996 2592 1113 2631 Verr.
1140 2592 1305 2632 habitae
1344 2605 1374 2632 c.
1403 2593 1480 2642 ΙΙΙ,
1517 2593 1539 2643 ξ
1571 2596 1657 2643 144,
1693 2593 1763 2633 3111
1789 2593 1974 2643 legimus:
2011 2592 2117 2642 quod
2145 2592 2366 2642 praedones
2395 2589 2535 2640 procul

362 2656 414 2695 ab
441 2654 576 2694 insula
598 2654 881 2704 prohibuisset.

491 2718 604 2768 Quae
631 2729 729 2759 vero
755 2718 949 2759 disseruit
976 2719 1029 2758 M.
1058 2721 1104 2757 111
1131 2718 1372 2759 locutionem
1401 2732 1432 2759 c.
1460 2719 1531 2768 IV,
1559 2720 1581 2769 ξ
1613 2724 1634 2758 7
1664 2719 1907 2768 illaqueatus
1935 2719 2070 2768 legum
2095 2717 2287 2768 periculis
2316 2716 2536 2756 eiciendam

361 2781 557 2831 edoceret,
581 2780 684 2821 nihil
710 2793 877 2831 prorsus
906 2782 1047 2822 valent
1073 2782 1125 2821 ad
1152 2781 1263 2821 illam
1292 2782 1610 2833 infringendam;
1645 2782 1688 2823 in
1716 2784 1791 2823 hoc
1813 2795 1905 2834 uno,
1930 2783 1966 2823 si
1993 2785 2103 2823 recte
2129 2794 2177 2833 ea
2203 2780 2435 2821 examinare
2462 2778 2536 2829 vis,

362 2845 496 2885 omnia
521 2856 625 2894 quae
651 2846 837 2896 protulit,
864 2846 1096 2886 concinunt:
1126 2858 1205 2885 non
1233 2850 1368 2895 potest
1394 2846 1483 2886 dici.
1538 2847 1616 2886 Sed
1643 2846 1740 2886 cur?
1769 2846 1864 2895 quia
1891 2846 1985 2886 aliis
2012 2846 2111 2886 locis
2143 2858 2168 2885 a
2204 2844 2394 2884 Cicerone
2418 2854 2533 2882 usur-

361 2911 485 2958 patur
510 2908 646 2958 legum
672 2909 828 2959 laqueis
855 2910 1143 2960 constringere.
1189 2909 1267 2950 Sed
1295 2910 1441 2961 laquei,
1477 2911 1621 2961 quibus
1655 2911 1765 2961 leges
1803 2923 1915 2952 reum
1941 2910 2164 2961 includunt,
2197 2920 2329 2950 nonne
2354 2906 2535 2958 pericula

453 3030 478 3067 ¹)
505 3031 624 3061 Meerd.
649 3039 680 3068 p.
705 3033 755 3061 67.
802 3030 830 3069 ¹)
855 3033 938 3061 idem
964 3040 994 3068 p.
1019 3034 1070 3061 76.

450 3082 480 3119 ⁸)
504 3082 625 3113 Meerd.
650 3092 681 3121 p.
705 3086 756 3115 4¹.

449 3134 479 3173 ⁴)
503 3135 623 3168 neem.
648 3145 677 3173 p.
701 3139 753 3168 46.

2580 1560 2613 1610 ³)
