2760 3454
1447 311 1684 349 ..4-

610 420 795 470 Denique
820 419 982 472 Kayser
1009 421 1053 461 in
1080 433 1128 461 ea
1157 420 1333 461 editione
1359 433 1419 470 op.
1447 421 1537 470 Cic.,
1561 433 1682 471 quam
1710 421 1877 461 Baitero
1910 424 1953 460 et
1979 413 2143 462 Halmio
2171 424 2461 474 adiuvantibus
2487 430 2650 470 curavit

478 494 651 533 prooem.
678 496 715 533 p.
734 483 799 524 IX
824 483 903 524 vol.
922 483 984 524 IV
1005 482 1309 535 (1862—1864)
1330 495 1414 522 rem
1439 482 1657 532 diligenter
1683 484 1961 533 perscrutatus
1982 481 2129 524 Wolfio
2159 489 2202 525 et
2220 486 2464 530 Marklando
2482 502 2648 540 prorsus

478 546 703 586 assentitur
730 550 773 586 et
799 550 975 596 quatuor
1002 546 1095 586 illas
1122 547 1326 586 orationes
1354 550 1445 594 post
1473 546 1646 586 reditum
1674 546 1835 585 habitas
1862 546 2102 596 simpliciter
2129 548 2441 592 declamationes
2468 554 2648 603 appellat

477 609 598 660 plane
626 622 653 650 a
678 610 943 652 Ciceroniana
970 613 1061 651 arte
1088 611 1362 650 abhorrentes.
2407 634 2414 639 ι

606 673 672 715 Ex
705 687 851 726 magno
886 687 984 717 vero
1012 687 1149 716 eorum
1177 687 1353 724 numero,
1380 674 1449 723 qui
1475 674 1561 715 sive
1591 674 1838 715 auctoritate
1872 675 1960 716 sive
1988 676 2238 725 argumentis
2264 677 2407 719 Wolfii
2435 685 2478 721 et
2505 681 2643 723 Mark-

475 738 589 778 landi
613 739 786 789 permoti
810 739 1032 779 orationem
1060 739 1110 779 de
1135 738 1391 790 haruspicum
1421 749 1620 789 respons0,
1647 738 1696 778 de
1723 748 1803 787 qua
1829 739 1895 779 hic
1922 738 2173 789 potissimum
2202 741 2398 791 agendum
2428 746 2501 795 est,
2534 743 2641 785 Cice-

475 802 566 841 roni
593 803 752 851 eripere
778 815 858 841 non
882 803 1184 849 dubitaverunt,
1218 803 1504 850 spectat-issimi
1533 806 1646 840 sunt:

530 864 724 915 Niebuhr,
751 864 946 906 romische
973 863 1215 905 Geschichte
1242 865 1273 905 I.
1304 877 1338 915 p.
1367 868 1455 905 597.

529 928 708 978 Madvig,
735 929 785 967 de
809 927 882 978 Qu.
909 927 1073 966 Asconii
1101 928 1195 966 Ped.
1224 932 1265 966 et
1291 928 1461 966 aliorum
1490 930 1568 966 vet.
1597 927 1763 976 interpr.
1792 927 2101 966 commentariis.
2159 931 2272 966 1828.

527 991 679 1039 Reisig,
706 991 983 1039 Vorlesungen
1010 992 1109 1030 iiber
1136 991 1205 1029 lat..
1235 991 1678 1039 Sprachwissenschaft
1737 995 1837 1029 1839
1868 1004 1903 1038 p.
1931 995 2022 1029 476.

527 1053 697 1104 Ritschl,
720 1065 868 1105 parerg
894 1053 1028 1094 Plaut.
1054 1056 1096 1094 et
1120 1053 1280 1094 Terent.
1337 1057 1438 1094 1845
1461 1066 1496 1103 p.
1515 1052 1608 1094 XX.
1636 1053 1809 1103 scriptor
1835 1053 1945 1095 illius
1972 1052 2182 1104 orationiS,
2208 1064 2325 1103 quem
2344 1054 2422 1098 Cic.
2451 1069 2529 1098 non
2554 1071 2640 1101 esse

604 1121 758 1158 certum
787 1121 860 1156 est.

524 1180 682 1229 Kempf,
709 1182 760 1220 ad
790 1181 998 1219 Valerium
1027 1181 1246 1219 Maximum
1274 1181 1376 1218 edid.
1403 1192 1550 1218 recens.
1582 1183 1693 1218 1854.
1745 1180 1777 1226 I,
1809 1184 1826 1217 1
1858 1191 1894 1228 p.
1927 1184 2001 1218 106
2030 1181 2084 1227 II,
2112 1184 2148 1228 4,
2178 1185 2201 1218 3
2230 1193 2267 1229 p.
2297 1185 2383 1221 191.

524 1243 776 1294 Bernhardy,
803 1243 1025 1284 Grundriss
1053 1243 1125 1284 der
1153 1243 1376 1284 romischen
1406 1243 1628 1283 Literatur.
1655 1242 1712 1282 ed.
1732 1241 1809 1282 111.
1841 1245 1941 1282 1857
1971 1256 2006 1292 p.
2033 1246 2112 1283 684
2139 1248 2181 1283 et
2209 1243 2268 1283 ed.
2288 1243 2335 1283 V.
2367 1249 2468 1286 1872
2489 1260 2525 1296 p.
2547 1252 2637 1296 819,

453 1304 455 1306 ’
525 1307 647 1356 Neue,
676 1307 813 1348 latein.
843 1307 1130 1347 Formenlehre
1155 1318 1250 1357 pars
1275 1306 1328 1346 II.
1357 1319 1445 1357 pag.
1474 1310 1524 1345 60
1552 1306 1602 1345 al.
1661 1309 1773 1345 1866.

599 1372 738 1419 Nuper
764 1372 936 1419 denique
963 1373 1113 1419 Pompe
1139 1383 1218 1410 van
1245 1371 1548 1409 Meerdervoort
1572 1370 1612 1407 in
1642 1370 1835 1417 peculiari
1861 1371 2031 1417 quodam
2060 1371 2211 1419 scripto
2239 1375 2403 1419 praeter
2422 1373 2564 1412 Wolfii
2592 1380 2633 1415 et

468 1432 703 1473 Marklandi
723 1438 963 1484 argumenta
981 1435 1240 1474 vehementer
1259 1433 1335 1472 sibi
1358 1434 1539 1482 probata,
1567 1432 1766 1481 permulta
1795 1444 1899 1472 nova
1926 1437 2050 1482 atque
2069 1433 2254 1473 inaudita
2276 1434 2446 1475 crimina
2465 1435 2633 1483 νοθείας

468 1495 511 1536 in
539 1497 644 1537 hanc
671 1497 894 1538 orationem
922 1496 1124 1537 conflavit.

598 1560 735 1607 Atque
761 1561 854 1598 dum
881 1560 989 1598 inter
1009 1560 1123 1597 vivos
1141 1560 1382 1597 versabatur
1405 1558 1572 1595 Wolfius
1591 1569 1716 1605 nem0,
1735 1558 1839 1605 quod
1859 1558 2040 1605 equidem
2062 1558 2197 1607 sciam,
2216 1571 2304 1599 cum
2326 1572 2372 1599 eo
2393 1563 2634 1602 contendere

467 1635 590 1663 ausus
618 1627 682 1662 est
706 1624 755 1662 de
785 1623 862 1663 fide
890 1628 932 1662 et
959 1622 1206 1662 auctoritate
1234 1622 1351 1670 hujus
1380 1621 1574 1660 orationis
1604 1621 1805 1668 triumque
1840 1622 2026 1669 aliarum,
2066 1626 2224 1661 tantum
2260 1625 2435 1664 valuisse
2470 1627 2632 1665 videtur

465 1697 609 1727 nomen
638 1689 680 1727 et
707 1685 930 1728 auctoritas
956 1686 1091 1736 magni
1121 1685 1214 1726 viri.
1268 1683 1545 1734 Compluribus
1570 1684 1726 1724 demum
1752 1683 1869 1725 annis
1896 1689 1986 1735 post
2016 1689 2185 1726 mortem
2213 1686 2298 1738 eJus
2327 1700 2442 1729 voces
2467 1688 2632 1730 auditae

464 1754 577 1787 sunt:
604 1761 683 1788 non
711 1762 797 1789 esse
825 1751 943 1799 plane
971 1749 1210 1800 rejiciendas
1230 1749 1321 1786 illas
1349 1748 1551 1785 orationes
1578 1752 1700 1795 atque
1719 1748 1977 1798 exstiterunt,
1996 1749 2065 1797 qui
2088 1750 2285 1791 orationis
2305 1753 2354 1791 de
2373 1753 2627 1802 haruspicum

464 1825 654 1860 responso
680 1826 806 1861 paene
829 1814 914 1862 jam
942 1814 1230 1851 condemnatae
1258 1812 1507 1859 susciperent
1532 1812 1811 1858 patrocinium.
1865 1812 2001 1859 Atque
2020 1813 2201 1852 Savelsio
2221 1816 2332 1853 laudi
2356 1821 2419 1854 est
2447 1817 2625 1854 tribuen-

463 1875 557 1916 dum
585 1876 691 1925 quod
724 1875 878 1926 primus
913 1887 1055 1916 nomen
1085 1874 1288 1916 Ciceronis
1318 1874 1493 1914 retinere
1520 1878 1687 1914 conatus
1723 1878 1784 1914 est
1820 1873 1862 1915 in
1899 1874 2020 1916 lib'ro:
2057 1876 2105 1916 de
2141 1876 2392 1919 vindicandis
2423 1878 2625 1920 Ciceronis

463 1939 639 1987 quinque
665 1939 915 1986 orationihus
946 1940 1079 1978 Colon.
1138 1942 1251 1976 1828.
1664 1940 1671 1945 '

592 2003 742 2042 Eodem
771 2014 876 2042 anno
906 2003 1111 2042 Otfried
1141 2002 1182 2041 M
1197 2002 1327 2041 iiller
1356 2001 1397 2040 in
1427 2001 1540 2050 libro,
1570 2001 1637 2050 qui
1666 2001 1902 2041 inscribitur
1935 2002 2185 2050 „Etrusker“
2217 2005 2260 2044 ΙΙ
2289 2017 2324 2054 p.
2355 2009 2377 2044 6
2407 2009 2488 2044 not.
2508 2009 2555 2044 16
2584 2029 2624 2034 —

462 2070 504 2106 et
531 2079 566 2115 p.
599 2070 647 2105 10
684 2078 721 2106 n.
751 2070 798 2106 31
844 2089 883 2093 —
925 2079 959 2115 p.
991 2070 1038 2105 23
1067 2079 1103 2105 n.
1136 2070 1179 2104 11
1220 2065 1422 2104 edixerat:
1459 2065 1595 2104 Cicero
1631 2065 1712 2115 (ich
1740 2069 1850 2105 sctze
1877 2066 1953 2104 den
1983 2067 2136 2107 Namen
2172 2068 2247 2107 mit
2274 2069 2550 2122 Vorbedacht)
2576 2070 2625 2109 de

460 2131 716 2180 haruspicum
745 2142 945 2179 responso.
1000 2131 1201 2178 Sequutus
1237 2136 1298 2169 est
1324 2131 1487 2175 Hand,
1523 2130 1630 2167 Hall.
1669 2130 1831 2178 Eucycl.
1860 2130 1985 2169 XVII
2012 2144 2046 2180 p.
2077 2136 2165 2181 221,
2202 2134 2271 2181 qui
2308 2133 2349 2171 in
2386 2145 2431 2172 eo
2469 2138 2627 2172 tantum

459 2195 673 2244 discrepat,
700 2194 804 2243 quod
834 2194 933 2234 illas
963 2194 1167 2234 orationes
1198 2206 1270 2243 per
1304 2193 1456 2233 scribas
1484 2194 1637 2233 calamo
1665 2198 1852 2243 exceptas
1888 2198 2007 2242 putat
2043 2198 2165 2244 atque
2203 2195 2482 2245 imperitorum
2519 2197 2625 2237 curis

458 2262 599 2310 postea
627 2258 767 2298 editas.
829 2257 957 2297 Porro
991 2262 1170 2297 nostram
1206 2257 1427 2297 orationem
1459 2257 1640 2297 Ciceroni
1683 2257 1829 2297 tribuit
1855 2257 2203 2309 Stuerenburg
2236 2259 2288 2299 ad
2324 2270 2378 2300 or.
2405 2271 2440 2310 p.
2475 2260 2627 2300 Archia

461 2327 563 2361 1832
610 2335 646 2369 p.
696 2326 782 2360 153.
860 2322 960 2359 Tum
1010 2323 1213 2361 Ciceronis
1269 2334 1355 2359 esse
1399 2335 1484 2359 eam
1551 2323 1758 2361 contendit
1805 2323 1998 2369 novisque
2051 2324 2302 2369 argumentis
2362 2325 2625 2370 confirmavit,

457 2386 728 2436 Drumann,
757 2384 998 2425 Geschichte
1026 2385 1147 2426 Roms
1173 2384 1227 2434 II,
1260 2387 1360 2425 1835
1390 2397 1423 2434 p.
1453 2388 1525 2425 331
1559 2384 1607 2424 V.
1636 2387 1733 2425 1841
1765 2398 1800 2435 p.
1829 2388 1904 2425 471
1936 2389 1977 2426 et
2013 2398 2048 2435 p.
2081 2390 2168 2427 702.
2213 2387 2368 2427 Deinde
2396 2386 2556 2428 Lucas
2583 2387 2624 2428 in

456 2454 610 2501 quaest.
638 2449 741 2488 Tull.
769 2460 874 2497 spec.
903 2452 1003 2486 1837
1043 2461 1077 2497 p.
1106 2453 1140 2486 6.
1179 2454 1220 2486 et
1255 2454 1434 2486 nostram
1470 2449 1691 2487 orationem
1728 2453 1768 2487 et
1812 2452 1895 2487 tres
1930 2450 2032 2488 alias
2069 2454 2159 2498 post
2195 2451 2369 2489 reditum
2405 2451 2565 2489 habitas
2599 2462 2624 2489 a

455 2515 644 2555 Tulliana
672 2524 791 2552 manu
820 2512 978 2561 quidem
1015 2524 1101 2552 esse
1134 2513 1335 2562 profectas
1375 2513 1547 2561 putavit.
1581 2513 1718 2552 multis
1748 2525 1843 2552 vero
1883 2514 2124 2562 corruptelis
2165 2518 2205 2553 et
2242 2514 2624 2563 interpolationibus

454 2578 701 2627 inquinatas.

582 2641 722 2690 Neque
745 2638 876 2679 minus
904 2638 1065 2678 Klotz
1096 2638 1136 2678 in
1167 2638 1343 2679 editione
1378 2651 1451 2679 sua
1482 2637 1674 2687 „Cicero's
1711 2639 1870 2679 Redelr‘
1904 2640 1981 2691 ΙΙΙ,
2014 2644 2115 2680 1839
2145 2639 2397 2690 praefatione
2437 2644 2478 2680 et
2519 2652 2619 2680 com-

453 2704 653 2745 mentario
683 2703 919 2743 Marklandi
957 2708 998 2742 et
1029 2704 1165 2743 Wolfii
1195 2704 1364 2742 crimina
1389 2704 1543 2742 diluere
1578 2704 1734 2742 studuit
1769 2708 2028 2753 nostramque
2064 2705 2287 2744 orationem
2318 2704 2499 2745 Ciceroni
2537 2704 2624 2745 sine

452 2770 537 2810 ulla
562 2767 817 2809 dubitatione
844 2768 1040 2816 restituit,
1067 2767 1154 2817 pari
1182 2768 1296 2807 modo
1324 2767 1381 2806 in:
1410 2767 1633 2806 Handbuch
1660 2768 1731 2807 der
1753 2769 2195 2819 Literaturgeschichte
2214 2769 2246 2818 I,
2271 2772 2371 2808 1846
2402 2781 2437 2818 p.
2466 2772 2514 2808 25
2536 2780 2619 2818 squ.

582 2833 646 2870 Ad
678 2833 843 2871 eandem
889 2832 1134 2870 sententiam
1170 2837 1423 2869 accesserunt
1456 2833 1603 2879 Bahr,
1645 2833 1886 2870 (ieschichte
1929 2834 2000 2871 der
2042 2838 2137 2871 rom.
2172 2834 2384 2871 Literatur
2418 2833 2472 2880 II,
2517 2835 2618 2869 1845

452 2908 488 2946 p.
519 2899 594 2936 276
623 2899 664 2936 et
691 2895 762 2935 IV.
794 2898 894 2935 1869
924 2907 960 2945 p.
988 2898 1212 2935 428-432.

539 3035 566 3070 ¹)
592 3036 620 3064 S.
647 3036 680 3064 P.
704 3036 823 3071 Pompe
849 3042 910 3063 van
934 3035 1189 3070 Meerdervoort,
1213 3035 1379 3070 specimen
1406 3035 1600 3069 inauguraie
1626 3036 1803 3063 literni-ium
1822 3036 1919 3070 Lugd.
1940 3036 2048 3066 Batav.
2075 3037 2154 3064 185⁶
2172 3036 2357 3063 continens:
2390 3035 2620 3061 annotationes

447 3090 604 3126 quasdam
629 3089 668 3117 ud
693 3089 873 3117 orationem
899 3095 981 3125 quae
1007 3088 1174 3118 Ciceronis
1200 3087 1305 3116 fertur
1329 3088 1367 3116 de
1393 3088 1598 3123 haruspicum
1624 3090 1805 3126 responsis,
1830 3090 1922 3125 quus
1947 3090 1978 3124 in
2004 3090 2100 3118 tertia
2126 3093 2217 3125 parte
2244 3096 2271 3123 p.
2289 3088 2411 3116 ⁴1-s7
2437 3087 2618 3115 dubitatio-

448 3149 507 3171 nes
532 3142 688 3179 quasdam
712 3142 751 3170 de
775 3148 836 3169 usu
860 3144 893 3170 et
916 3142 955 3170 de
979 3141 1213 3178 compositione
1240 3142 1412 3170 verborum
1438 3147 1469 3170 et
1494 3143 1730 3170 sententiarum
1756 3142 1892 3179 profert.

531 3193 560 3227 ¹)
585 3195 765 3229 Scripsisse
801 3198 833 3222 et
867 3195 1008 3223 edidlsse
1035 3195 1225 3223 Ciceronem
1250 3196 1288 3222 de
1314 3196 1429 3222 iisdem
1454 3197 1655 3231 argumentis·
1680 3197 1845 3223 orationes
1871 3196 2099 3224 demonstrare
2124 3198 2273 3228 conatur,
2305 3195 2333 3221 2.
2366 3197 2431 3221 tum
2466 3196 2615 3219 veterum

443 3247 633 3277 testimonia
657 3246 791 3276 confert
813 3247 858 3284 3.,
882 3248 1023 3284 denique
1047 3247 1124 3275 nihii
1153 3247 1309 3277 Cicerone
1335 3248 1500 3284 indignum
1526 3249 1635 3277 inesse
1659 3249 1763 3277 docet.

2683 1365 2717 1415 ¹)
