2760 3454
1285 223 1552 266 ..16-

323 351 515 402 aequales
550 348 772 400 appellari,
804 357 1009 396 nunquam
1048 356 1132 394 res,
1166 343 1423 393 quamobrem
1470 339 1710 380 sacrificium
1751 351 1833 379 non
1867 348 1983 388 posse
2019 337 2112 379 urbi
2152 339 2303 380 Romae
2337 344 2508 392 aequale

317 416 412 468 (1161,
449 416 659 466 ignorasse
686 412 852 454 videtur
889 411 997 451 locos
1025 408 1251 449 Tullianas:
1287 405 1390 446 Phil.
1420 404 1496 455 XI,
1538 407 1598 454 13,
1636 407 1699 455 33,
1736 403 1850 455 cujus
1886 401 2111 456 (Dejotari)
2145 405 2427 447 benevolentia
2461 406 2504 448 in

320 482 515 531 populum
542 480 770 519 Romanum
799 480 862 516 est
890 475 1018 524 ipsius
1044 473 1225 522 aequalis
1250 471 1410 511 aetatis.
1440 471 1489 508 (16
1515 470 1590 517 leg.
1618 469 1651 517 Ι,
1673 471 1706 507 1.
1733 468 1940 516 aequalem
1969 479 2066 507 suae
2093 468 2244 508 aetatis
2271 470 2503 510 memoriam

325 544 508 596 deposcit
535 544 586 584 de
613 543 692 593 leg.
720 542 776 592 Π,
802 544 839 591 4,
866 543 889 580 9
919 551 1022 589 quae
1048 537 1111 579 vis
1143 562 1190 567 —
1219 534 1400 585 aequalis
1429 533 1539 574 illius
1570 532 1722 573 coelum
1751 544 1798 572 ac
1826 536 1959 572 terras
1985 532 2165 581 regentis
2193 532 2268 573 dei.
2320 547 2392 583 pro
2417 535 2503 585 Mil,

322 609 486 659 XXXI,
511 609 535 660 ξ
564 611 616 648 85
645 618 752 656 6166,
788 615 993 645 sacrorum
1021 614 1107 651 pop.
1136 602 1247 641 Rom.
1276 599 1409 640 sociae
1438 602 1480 638 et
1508 597 1706 647 aequales.

458 674 562 713 Tum
583 672 638 711 M.
668 671 720 711 ad
749 682 779 709 c.
798 668 958 718 XVIII,
987 669 1009 718 ξ
1029 670 1080 705 38
1102 668 1287 705 3161116113
1308 665 1474 703 verbum
1496 660 1725 702 excutiendi
1745 661 1851 710 apud
1871 660 1949 700 Cic.
1971 671 2181 700 occurrere
2199 664 2359 703 tantum
2385 673 2503 704 sensu

320 737 556 788 inquirendi
583 737 653 777 vel
682 732 952 781 examinandi,
972 730 1154 770 Clodium
1181 741 1390 768 excussum
1417 741 1442 767 a
1466 728 1669 778 judicibus
1698 726 1821 764 talem
1841 736 1926 763 esse
1952 724 2267 772 intellegendum
2286 728 2503 777 contendit,

324 803 368 843 in
397 813 515 851 quem
542 799 729 850 quaestio
755 798 867 838 facta
893 796 949 836 sit
975 786 1000 835 a
1023 793 1238 845 judicibus,
1266 804 1382 841 quem
1412 803 1571 832 sensum
1607 792 1681 830 hoc
1718 790 1803 829 loco
1841 800 1927 828 esse
1962 788 2262 828 alienissimum.
2316 791 2375 829 At
2401 791 2504 830 nihil

328 865 518 914 alienum,
544 864 681 904 nullae
709 864 804 902 sunt
829 859 1018 908 ineptiae,
1045 857 1124 896 nisi
1154 869 1253 906 quas
1280 857 1482 905 interpres
1509 854 1729 894 inculcavit
1757 853 1853 903 ipse.
1907 854 2010 893 Nam
2038 864 2159 901 quum
2192 856 2403 901 „excutere
2430 854 2503 894 ali-

324 931 464 979 quem“
496 928 603 968 idem
623 927 762 968 valeat
789 936 836 964 ac
857 923 1083 972 quassando
1107 922 1145 961 ei
1165 925 1407 969 extorquere
1428 920 1572 968 omnia,
1589 931 1691 968 quae
1718 930 1850 957 secum
1870 917 1988 966 ferat,
2015 917 2081 968 (ut
2102 920 2238 956 exstat
2261 928 2297 964 p.
2316 917 2363 956 R.
2380 918 2504 957 Amer

324 991 526 1042 XXXIV,
570 992 592 1042 ξ
621 993 670 1029 97
709 999 789 1028 11011
825 986 985 1026 excutio
1024 989 1076 1035 te,
1115 985 1150 1025 si
1186 985 1282 1034 quid
1311 984 1417 1023 forte
1437 982 1537 1024 ferri
1560 980 1771 1033 habuisti),
1792 980 1966 1030 Clodius,
1985 992 2102 1030 quem
2120 991 2287 1029 magnas
2313 980 2503 1029 pecunias

324 1055 618 1105 consumpsisse
644 1053 687 1092 in
718 1050 1020 1100 corrumpendis
1043 1050 1246 1101 judicibus
1285 1054 1468 1099 apertum
1507 1051 1623 1097 esset,
1651 1048 1756 1087 salse
1792 1046 1950 1085 ridetur
1985 1048 2031 1084 ut
2068 1055 2268 1093 eXCUSSUS‚
2303 1043 2419 1091 quasi
2453 1056 2505 1083 ne

327 1131 451 1160 unum
478 1118 639 1168 quidem
666 1127 797 1155 assem
824 1114 1004 1153 retinere
1032 1113 1244 1163 potuisset,
1273 1125 1391 1162 quam
1414 1111 1715 1153 cavillationem
1743 1109 1916 1149 maxime
1944 1110 2253 1148 consentaneam
2282 1117 2368 1146 esse
2395 1106 2503 1147 Cice-

325 1183 436 1223 ronis
464 1181 624 1231 ingenio
655 1192 702 1219 ac
729 1178 908 1219 moribus
935 1190 1050 1217 nemo
1080 1178 1256 1226 negabit.

460 1245 567 1294 Jam,
595 1243 739 1293 quibus
774 1241 911 1283 verbis
945 1245 1107 1282 accuset
1136 1242 1189 1281 M.
1229 1241 1489 1281 locutionem:
1526 1252 1676 1290 poenas
1712 1240 1848 1279 deesse
1879 1237 1921 1277 in
1956 1249 1987 1276 6.
2017 1235 2154 1285 XVII,
2188 1236 2210 1285 §
2244 1237 2306 1283 38,
2344 1234 2503 1275 audias:

330 1310 442 1361 „Non
484 1312 581 1359 apta
621 1310 693 1355 est,
734 1306 879 1356 inquit,
918 1307 956 1347 h.
999 1307 1024 1346 1.
1060 1318 1139 1347 vox
1167 1307 1314 1355 deesse,
1356 1305 1461 1354 apud
1504 1305 1734 1345 Ciceronem
1778 1304 1853 1343 hoc
1888 1301 2055 1341 verbum
2098 1299 2148 1339 de
2190 1297 2305 1338 bonis
2342 1301 2501 1339 tantum

331 1373 451 1422 rebis,
479 1384 559 1412 non
586 1372 635 1411 de
661 1370 779 1410 malis
807 1369 969 1420 dicitur,
1003 1371 1064 1409 ita
1098 1374 1145 1408 ut
1172 1370 1266 1408 illae
1290 1370 1418 1408 bonae
1445 1381 1509 1408 res
1537 1368 1691 1417 aliquid
1720 1367 1816 1406 boni
1842 1367 1973 1406 adhuc
2000 1363 2207 1411 requirere
2234 1361 2501 1402 videantur?“

328 1437 390 1477 De
418 1436 556 1476 schola
582 1446 748 1485 puerum
775 1434 1032 1484 grammatici
1061 1437 1277 1484 praecepta
1305 1432 1630 1473 declamitantem
1660 1433 1853 1480 crederes,
1879 1428 1948 1479 qui
1976 1427 2048 1469 vix
2075 1427 2239 1477 linguae
2268 1426 2502 1466 ediscendae

329 1501 445 1550 quasi
470 1500 717 1540 vestibulum
737 1498 924 1538 intravit.
977 1498 1178 1538 Nimirum
1208 1497 1341 1537 animo
1368 1497 1541 1537 hominis
1572 1496 1726 1546 aliquid
1754 1494 1857 1535 recti
1884 1494 2141 1533 obversatum
2171 1493 2243 1540 est,
2269 1491 2374 1539 quod
2393 1489 2500 1530 utin

324 1564 452 1603 11166111
481 1564 689 1613 proderet,
724 1563 882 1603 frustra
916 1561 1153 1602 elaboravit.
1216 1561 1318 1600 Nam
1347 1561 1380 1600 si
1411 1561 1509 1610 quid
1537 1562 1676 1600 deesse
1708 1559 1870 1607 (11611111,
1897 1556 2141 1596 (1611111161110
2172 1558 2245 1604 631,
2280 1555 2387 1603 quod
2414 1566 2495 1593 non

325 1627 454 1676 adest,
496 1630 620 1676 atque
647 1638 747 1676 opus
792 1629 855 1666 est
895 1627 946 1666 ad
986 1626 1146 1665 modum
1188 1626 1384 1674 quendam
1420 1625 1707 1675 complendum,
1749 1622 1855 1673 quod
1885 1620 2022 1661 Cicero
2059 1619 2145 1669 ipse
2185 1630 2258 1658 nos
2305 1620 2420 1659 docet
2456 1617 2499 1659 in

329 1691 459 1730 Bruto
486 1692 508 1741 ξ
539 1695 629 1730 276.
684 1691 796 1741 Quae
822 1702 910 1730 cum
938 1690 999 1729 ita
1027 1690 1121 1738 sint,
1150 1689 1227 1728 etsi
1252 1701 1277 1728 a
1305 1689 1495 1729 Cicerone
1524 1702 1595 1729 eae
1623 1688 1796 1728 maxime
1823 1698 1888 1726 res
1917 1686 2053 1725 deesse
2077 1684 2278 1735 dicuntur,
2306 1697 2405 1735 quas
2434 1696 2499 1723 cu-

330 1755 461 1804 pimus
489 1767 536 1794 66
564 1754 849 1803 desideramus,
873 1767 954 1793 non
981 1753 1113 1792 minus
1142 1757 1277 1792 tamen
1305 1755 1441 1793 eadem
1471 1766 1551 1793 vox
1581 1756 1811 1802 usurpatur,
1849 1751 1920 1790 ubi
1946 1761 2011 1789 res
2040 1749 2314 1799 requiruntur,
2354 1750 2499 1799 quibus

331 1817 483 1858 additis
511 1818 660 1858 malum
689 1817 844 1867 aliquid
869 1821 1069 1868 augeatur
1097 1820 1219 1865 atque
1247 1816 1289 1856 in
1315 1829 1510 1857 summum
1539 1816 1752 1857 discrimen
1780 1816 2025 1866 perducatur
2052 1825 2213 1854 necesse
2239 1820 2311 1856 est.
2356 1815 2502 1864 Itaque

330 1882 500 1932 legimus
532 1882 574 1922 in
601 1895 658 1921 or.
685 1894 721 1931 p.
748 1881 851 1922 Sest.
876 1883 967 1922 hab.
998 1880 1190 1930 XXXIV,
1224 1883 1246 1932 ἓ
1285 1886 1353 1921 80:
1395 1882 1516 1931 plaga
1542 1893 1622 1921 una
1655 1881 1728 1922 illa
1764 1884 1946 1922 extrema
1970 1878 2112 1929 defuit,
2141 1878 2225 1919 scil.
2252 1881 2304 1920 ad
2324 1879 2499 1920 Sestium

326 1945 651 1996 interimendum,
677 1946 720 1986 in
748 1946 866 1987 Verr.
891 1947 970 1997 ΙΙΙ,
998 1948 1019 1997 ξ
1048 1950 1109 1985 87.
1137 1947 1234 1986 11666
1259 1948 1400 1987 (166161
1427 1946 1580 1998 injuria
1606 1950 1648 1986 et
1682 1948 1780 1986 haec
1808 1944 2019 1985 calamitas
2055 1944 2285 1985 oratoribus
2313 1945 2355 1985 in
2384 1945 2501 1984 Verr.

327 2009 376 2060 V,
397 2014 431 2060 2,
452 2014 487 2061 5,
514 2022 593 2051 11011
621 2011 801 2051 arbitror
829 2011 903 2051 hoc
930 2011 1053 2051 etiam
1075 2012 1210 2051 deesse
1231 2015 1326 2050 tuae
1354 2011 1628 2062 impudentiae
1647 2011 1671 2051 i.
1692 2024 1724 2051 e.
1747 2014 1793 2051 ut
1815 2010 2066 2060 impudentia
2084 2010 2201 2061 plene
2220 2010 2502 2058 cumulateque

325 2075 574 2124 perficiatur,
628 2075 756 2126 Quam
785 2076 834 2114 ob
863 2088 947 2115 rem
973 2087 1139 2125 prorsus
1159 2088 1207 2115 ex
1228 2076 1431 2116 Ciceronis
1451 2076 1640 2125 loquendi
1669 2087 1802 2115 more:
1833 2087 2005 2125 „poenae
2029 2075 2166 2115 Clodio
2187 2075 2345 2115 deesse“
2365 2074 2499 2114 dicun-

330 2143 411 2190 tur,
438 2151 539 2189 quas
569 2152 658 2179 eum
687 2140 918 2191 persolvere
947 2152 1045 2191 opus
1072 2146 1145 2191 est,
1174 2144 1220 2181 ut
1248 2143 1441 2182 scelerum
1470 2141 1646 2180 fructum
1674 2139 1884 2191 percipiat.

460 2205 588 2243 Porro
624 2204 678 2243 M.
715 2215 911 2244 summam
948 2205 1020 2244 dat
1048 2217 1210 2254 operam
1239 2206 1290 2244 ad
1326 2217 1356 2245 c.
1393 2204 1589 2255 XXVIII,
1632 2206 1654 2255 ξ
1688 2208 1750 2254 39,
1796 2209 1844 2245 111
1884 2216 1957 2245 1103
2002 2204 2046 2244 111
2085 2216 2173 2245 66111
2208 2205 2379 2244 (16(111661
2415 2215 2501 2243 3611-

331 2267 515 2317 tentiam,
541 2280 621 2307 non
648 2280 763 2318 posse
790 2280 1029 2317 quemquam
1057 2269 1147 2318 rapi
1175 2269 1217 2308 in
1246 2270 1439 2318 fraudem,
1468 2269 1757 2318 „siquidem,
1792 2269 1936 2318 inquit,
1966 2270 2086 2308 haec
2114 2268 2285 2308 activa
2312 2271 2389 2308 est
2423 2279 2502 2306 ex-

328 2331 583 2382 cogitata,
614 2344 774 2382 neque
802 2344 853 2373 se
880 2334 938 2372 ab
966 2333 1072 2372 ulla
1108 2333 1211 2373 alia
1246 2345 1314 2383 re,
1352 2333 1455 2374 nisi
1489 2335 1547 2373 ab
1581 2333 1802 2374 hominis
1839 2334 2114 2374 voluntate
2141 2332 2258 2381 ipsa
2294 2331 2401 2381 regi
2435 2330 2501 2370 si-

332 2395 442 2434 nit.“
485 2396 598 2445 Quae
624 2397 760 2446 verba,
789 2397 885 2446 quid
913 2396 990 2435 sibi
1018 2397 1159 2447 velint,
1193 2397 1227 2436 si
1256 2401 1366 2437 recte
1401 2397 1659 2447 interpretor,
1687 2398 1790 2437 hanc
1824 2398 1950 2437 solam
1978 2408 2065 2436 esse
2088 2396 2270 2436 fraudem
2297 2394 2502 2436 nominan-

330 2459 422 2499 dam
452 2459 643 2509 opinatur
671 2460 737 2500 vir
765 2461 917 2511 doctus,
945 2460 981 2500 si
1010 2461 1099 2510 quis
1126 2463 1176 2500 ab
1199 2462 1280 2501 alio
1308 2463 1528 2510 prudenter
1557 2466 1597 2501 et
1616 2462 1797 2502 consulto
1817 2461 2028 2510 decipitur.
2083 2461 2160 2500 Sed
2186 2460 2221 2499 si
2248 2459 2337 2509 quis
2356 2470 2399 2498 se
2418 2458 2503 2506 ipse

333 2523 485 2574 decipit
511 2528 655 2565 contra
688 2525 940 2566 voluntatem
970 2528 1092 2573 atque
1121 2525 1276 2566 invitus
1302 2526 1343 2565 in
1373 2538 1549 2566 errorem
1577 2526 1793 2576 inducitur,
1822 2538 1954 2565 nonne
1980 2527 2080 2565 haec
2108 2529 2171 2565 est
2196 2524 2309 2564 fraus
2324 2522 2503 2571 dicenda,

331 2600 452 2637 quam
490 2588 580 2637 quis
609 2588 652 2627 in
683 2600 726 2628 se
760 2588 846 2638 ipse
884 2589 1128 2629 committit?
1182 2589 1260 2629 Sed
1298 2590 1558 2640 supersedere
1586 2590 1720 2640 potuit
1745 2593 1956 2630 accusator
1984 2593 2073 2630 tota
2100 2590 2386 2639 disputatione,
2411 2596 2503 2626 nam

328 2652 442 2691 fraus
470 2652 508 2691 h.
532 2652 557 2690 1.
586 2651 690 2691 1116111
719 2652 830 2691 valet
857 2665 904 2692 ac
932 2654 1071 2701 scelus,
1109 2653 1264 2693 facinus
1292 2655 1504 2703 nefarium,
1542 2667 1660 2703 quani
1688 2654 1770 2694 vim
1797 2666 2080 2703 nonnunquam
2106 2655 2200 2695 huic
2226 2654 2316 2695 voci
2343 2653 2505 2692 subesse

327 2715 430 2755 satis
458 2715 761 2755 demonstratur
804 2716 902 2756 locis
931 2716 1154 2756 Ciceronis:
1197 2730 1232 2767 p.
1261 2719 1346 2758 Mil.
1379 2718 1470 2769 ΧΠ,
1501 2722 1551 2758 32
1579 2718 1673 2758 boni
1701 2719 1812 2759 nullo
1856 2719 2123 2759 emolumento
2163 2719 2426 2769 impelluntur
2461 2714 2504 2756 in

332 2780 527 2828 fraudem,
566 2779 609 2818 in
638 2779 754 2819 Verr.
782 2780 854 2829 IV,
881 2783 945 2829 45,
977 2784 1048 2819 101
1087 2782 1128 2820 in
1158 2783 1262 2822 hanc
1290 2784 1473 2823 fraudem
1504 2787 1586 2822 tam
1615 2783 1852 2823 sceleratam
1882 2783 2079 2823 decidisti.

463 2842 620 2882 Deinde
647 2844 752 2892 quod
780 2844 822 2883 in
863 2856 894 2884 c.
924 2844 1022 2884 XIV
1052 2847 1074 2897 g
1103 2850 1166 2894 41,
1195 2846 1469 2886 Gracchorum
1506 2847 1730 2887 virtutibus
1757 2847 2001 2897 praedicatis
2037 2848 2289 2900 adjungitur:
2331 2844 2505 2885 doluisse

330 2919 468 2947 omnes
496 2908 621 2947 bonos
648 2919 728 2947 non
757 2908 830 2948 illa
860 2912 978 2949 tanta
1006 2914 1246 2950 ornamenta
1273 2912 1324 2951 ad
1360 2912 1564 2951 meliorem
1593 2916 1766 2951 mentem
1796 2912 2126 2961 voluntatemque
2155 2905 2360 2958 6011116136,
2387 2920 2501 2948 66611-

323 2974 444 3010 sator
471 2975 602 3019 putat,
632 2976 958 3012 ornamentorum
979 2986 1076 3013 voce
1102 2986 1151 3013 ex
1173 2974 1375 3014 Ciceronis
1396 2975 1584 3024 loquendi
1609 2988 1682 3014 usu
1709 2975 1815 3025 ipsos
1844 2976 2047 3014 Gracchos
2071 2975 2275 3024 designari
2293 2975 2330 3012 h.
2352 2974 2376 3010 1.
2405 2982 2506 3018 quos

418 3078 442 3114 ¹)
466 3079 597 3111 Meerd.
621 3088 650 3117 p.
676 3083 726 3110 71.
776 3080 805 3119 ²)
831 3083 914 3111 idem
938 3091 967 3119 p.
989 3085 1039 3114 72.

419 3130 446 3166 ¹)
475 3132 598 3163 Heerd.
624 3142 652 3170 p.
679 3135 728 3167 73.

416 3183 441 3221 ⁸)
464 3185 586 3216 Meet-d.
611 3195 640 3223 p.
666 3190 718 3217 73.

2553 666 2596 720 “)

2551 2213 2597 2265 ⁵)

2556 2854 2593 2906 ⁴)
