2760 3454
378 310 509 348 versa,
536 310 579 338 111
607 310 739 348 ipsum
765 301 1034 348 interpretari
1062 297 1252 345 traditur,
1272 297 1450 346 spuriam
1480 297 1697 347 appellant,
1727 300 1863 337 tamen
1891 300 2087 348 quomodo
2114 304 2343 352 conscripta
2369 303 2426 344 sit
2454 307 2497 345 et
2522 312 2548 346 a

376 374 454 413 quo
484 365 526 403 et
552 373 630 412 quo
660 366 851 413 tempore,
878 362 1136 402 vehementer
1164 361 1272 400 inter
1300 373 1342 401 se
1367 361 1609 410 discrepant.
1650 361 1748 401 Cum
1777 360 1882 401 enim
1908 361 2215 417 Marklandus¹)
2243 368 2371 406 totam
2397 369 2546 408 oratio-

375 439 467 467 nem
494 426 661 466 Valerio
689 426 879 474 Maximo,
906 425 1097 473 Arnobio,
1115 425 1144 463 J
1147 423 1228 462 ulio
1250 423 1408 462 Victori
1434 428 1581 473 notam,
1608 425 1658 463 ab
1678 424 1851 464 Asconio
1880 428 1923 464 et
1942 425 2195 476 Quintiliano
2222 428 2430 470 laudatam
2457 442 2547 471 con-

376 488 513 529 fictam
553 500 640 529 esse
675 492 795 540 putat
829 492 951 538 atque
989 488 1137 528 editam
1173 488 1306 527 decem
1345 487 1427 527 illis
1455 487 1583 536 annis,
1624 487 1692 536 qui
1731 488 1838 528 inter
1867 488 2025 528 Valerii
2059 495 2228 531 mortem
2264 495 2306 531 et
2332 493 2548 534 Asconium

376 553 582 601 intersint,
601 551 812 604 Wolfius2)
832 551 1012 591 habitam
1043 550 1200 599 quidem
1229 563 1314 590 esse
1335 551 1555 591 orationem
1576 554 1721 602 censet,
1740 556 1920 593 nostram
1946 565 2042 594 vero
2071 566 2096 593 a
2124 555 2362 596 scholastico
2390 557 2548 598 homine

376 629 428 657 ex
453 616 641 667 genuina,
667 620 807 666 postea
833 615 1053 664 deperdita,
1082 615 1341 663 compositam
1370 627 1455 655 esse
1483 616 1620 665 paucis
1649 617 1766 656 annis
1794 619 1889 656 ante
1917 616 2144 666 Asconium,
2173 618 2383 670 Orellius³)
2412 624 2547 661 autem

376 683 419 720 et
445 679 792 732 Bernhardyius⁴)
827 679 1050 720 orationem
1086 683 1284 729 nostram,
1326 691 1445 728 quam
1484 679 1590 719 alter
1628 679 1764 729 inepto
1800 680 2062 720 declamatori
2098 681 2256 731 tribuit,
2293 683 2399 722 alter
2433 684 2547 724 bonis

375 744 691 784 declamatorum
720 743 876 792 scholis,
898 747 1029 782 ortum
1050 755 1135 782 esse
1155 743 1344 792 opinatur
1364 743 1498 792 paullo
1524 746 1615 792 post
1636 742 1867 783 Ciceronem
1896 742 2035 794 primis
2062 743 2240 793 Augusti
2262 745 2379 786 annis
2426 747 2547 797 ‚Quae

384 808 593 858 opiniones
621 819 739 857 quam
767 807 907 847 futiles
935 807 1029 855 sint,
1056 820 1146 846 mox
1173 808 1406 854 videbimus,
1432 819 1520 845 cum
1548 806 1719 854 primum
1754 811 2009 856 argumenta,
2045 807 2189 855 quibus
2219 809 2426 850 conclusae
2453 810 2547 861 sint,

376 870 752 911 examinaverimus.
798 869 1014 910 Ordiamur
1043 882 1067 910 a
1092 875 1274 911 veterum
1304 869 1544 919 scriptorum
1572 869 1824 910 testimoniis.

507 936 568 974 Ac
596 934 830 973 Marklandi
859 933 1017 982 quidem
1047 934 1249 973 sententia
1277 946 1321 972 eo
1350 933 1600 984 potissimum
1629 933 1788 984 nititur,
1816 934 1921 983 quod
1949 934 2085 973 eadem
2105 933 2191 974 fere
2218 935 2354 985 verba,
2382 937 2547 985 quaein

375 1012 406 1040 c.
433 998 498 1039 IX
526 998 559 1051 ξ.
591 1002 651 1038 18.
678 1001 842 1038 nostrae
870 998 1067 1037 orationis
1095 999 1296 1048 leguntur,
1326 1001 1489 1037 exstant
1508 998 1614 1046 apud
1634 998 1842 1037 Valerium
1871 997 2092 1036 Maximum
2112 991 2185 1049 I.'§
2210 998 2282 1049 1.⁵)
2324 998 2418 1037 Cum
2442 1000 2547 1040 enim

376 1064 543 1103 eandem
583 1061 825 1102 sententiam
858 1073 883 1100 a
920 1061 1085 1101 Valerio
1121 1062 1255 1112 aptius
1291 1066 1332 1101 et
1367 1060 1494 1111 magis
1533 1060 1659 1101 latine
1697 1071 1925 1110 expressam
1961 1072 2046 1101 esse
2082 1061 2159 1101 sibi
2188 1062 2454 1111 persuasisset
2482 1064 2546 1103 vir

375 1128 529 1176 doctus,
555 1137 751 1175 apparere
775 1126 860 1175 jam
889 1130 1024 1164 censet
1052 1126 1260 1166 falsarium
1289 1127 1393 1165 1111110
1421 1126 1549 1165 10011111
1585 1126 1790 1176 paululum
1827 1124 2030 1165 variatum
2066 1124 2109 1165 in
2145 1137 2258 1166 suum
2287 1137 2384 1175 opus
2414 1129 2544 1167 trans-

375 1191 518 1232 tulisse
546 1202 670 1239 eoque
698 1190 770 1229 sub
801 1189 1004 1229 Ciceronis
1032 1191 1189 1229 nomine
1219 1191 1326 1229 edito
1352 1190 1578 1237 Asconium,
1608 1189 1916 1239 Quintilianum,
1938 1188 2161 1226 Arnobium
2199 1189 2240 1227 in
2278 1189 2459 1229 fraudem
2486 1190 2544 1230 in-

376 1254 549 1295 duxisse.
602 1254 662 1293 Ac
688 1252 723 1292 Si
749 1252 885 1301 paullo
911 1252 1109 1293 attentius
1138 1253 1367 1293 examinare
1396 1253 1457 1293 vis
1481 1257 1661 1292 nostrum
1689 1253 1817 1291 locum
1847 1256 1968 1300 atque
1997 1263 2084 1290 cum
2115 1252 2279 1290 Valerio
2303 1264 2545 1300 comparare,

376 1319 589 1357 manifeste
615 1317 839 1364 apparebit,
874 1316 959 1354 sola
987 1320 1084 1365 apta
1109 1328 1194 1355 esse
1222 1317 1415 1355 vocabula
1444 1316 1721 1365 „pontificatus
1751 1319 1791 1355 et
1819 1314 2052 1364 augurium“
2080 1314 2225 1363 sensui,
2254 1316 2385 1363 qualis
2414 1317 2543 1366 requi-

375 1381 483 1421 ritur
510 1381 553 1420 in
581 1384 721 1419 nostra
750 1379 943 1427 oratione,
970 1380 1115 1428 quippe
1142 1380 1285 1429 quibus
1315 1380 1512 1419 contineri
1539 1380 1727 1418 dicantur
1754 1379 1936 1418 solennes
1958 1378 2198 1417 cerimoniae
2217 1382 2258 1417 et
2280 1380 2544 1421 auctoritates

375 1456 510 1486 rerum
537 1443 816 1493 gerendarum,
843 1454 963 1491 quum
984 1442 1172 1483 Valerius
1202 1449 1341 1483 contra
1362 1444 1596 1483 cerimonias
1618 1443 1710 1482 illas
1739 1447 1779 1482 et
1804 1442 2072 1482 auctoritates
2102 1442 2296 1492 explicari
2323 1443 2425 1483 velit
2450 1456 2543 1494 pon-

375 1508 527 1548 tificum
554 1507 726 1547 scientia
752 1510 793 1547 et
821 1519 1017 1556 augurum
1048 1508 1339 1547 observatione.
1394 1508 1518 1547 Nemo
1548 1508 1652 1547 enim
1680 1511 1789 1547 certe
1815 1507 1980 1556 negabit
2008 1507 2191 1546 solennes
2219 1507 2457 1548 cerimonias
2478 1522 2543 1559 po-

375 1573 477 1613 sitas
498 1584 584 1612 esse
603 1572 645 1611 in
665 1571 913 1621 pontificatu.
933 1572 956 1611 i.
973 1584 1003 1611 e.
1024 1572 1065 1611 in
1079 1584 1242 1611 munere
1263 1572 1471 1621 pontificis,
1492 1572 1654 1612 minime
1669 1584 1763 1612 vero
1785 1571 1826 1611 in
1848 1570 2048 1620 pontificis
2069 1571 2249 1621 scientia,
2269 1583 2388 1620 quam
2408 1585 2543 1614 vocem

377 1637 575 1687 aptiorem
604 1639 741 1675 nostro
762 1636 847 1674 1000
870 1636 1027 1685 judicat
1048 1637 1323 1675 Marklandus.
1371 1636 1519 1676 Eodem
1547 1641 1680 1675 autem
1709 1636 1857 1685 optimo
1880 1636 1972 1686 jure
1994 1635 2260 1675 auctoritates
2289 1648 2421 1675 rerum
2447 1638 2546 1676 bene

378 1700 646 1751 gerendarum
666 1700 716 1739 ab
732 1699 901 1750 augurio
931 1704 1136 1750 petuntur,
1164 1706 1207 1740 ut
1238 1699 1307 1739 illo
1328 1700 1440 1748 quasi
1471 1705 1635 1740 auctore
1666 1713 1729 1739 res
1757 1700 1844 1749 geri
1875 1700 2115 1748 cogitentur,
2144 1700 2212 1748 qui
2232 1711 2370 1739 sensus
2390 1701 2546 1740 Valerii

379 1765 531 1805 verbis:
564 1764 791 1813 „explicare
816 1763 1083 1803 auctoritates
1112 1776 1245 1803 rerum
1273 1765 1560 1813 gerendaruln“
1593 1764 1879 1813 quodammodo
1909 1765 2157 1803 obscuratur.
2211 1763 2316 1812 Quid
2346 1776 2441 1804 vero
2469 1765 2546 1804 sibi

379 1829 510 1868 velint
529 1828 673 1867 verba:
699 1827 924 1875 „Apollinis
941 1828 1235 1876 praedictiones
1253 1832 1389 1867 vatum
1410 1828 1526 1866 libris
1547 1827 1777 1875 explicari-⁴,
1790 1827 1869 1866 nisi
1883 1827 2181 1876 comparatione
2195 1839 2283 1866 cum
2304 1830 2441 1867 nostro
2461 1828 2545 1867 loco

379 1891 538 1932 omnino
558 1902 638 1930 non
660 1891 974 1940 intellegendum
994 1895 1066 1930 est.
1122 1891 1254 1940 Quid?
1283 1904 1412 1930 nonne
1435 1892 1519 1940 jam
1544 1891 1645 1930 sat-is
1667 1895 1836 1940 apparet
1862 1892 1904 1929 in
1924 1894 2060 1929 utrum
2080 1891 2316 1939 scriptorem
2338 1892 2549 1931 mutuandi

379 1954 552 2005 suspicio
580 1954 728 1994 cadat?
782 1954 897 1994 Adde
924 1955 1029 2003 quod
1048 1954 1189 1995 Savels
1218 1958 1327 1994 recte
1353 1954 1518 2004 monuit,
1545 1956 1691 1995 habere
1718 1966 2002 2004 saepenumero
2022 1956 2147 1994 verba
2167 1954 2323 1993 Valerii
2350 1956 2548 2002 quandam

379 2019 550 2068 speciem
567 2018 931 2066 interpretationis,
945 2022 1067 2066 atque
1081 2031 1158 2057 non
1180 2022 1261 2057 tam
1283 2031 1330 2057 ex
1352 2018 1448 2067 ipsis
1464 2018 1579 2057 libris
1601 2022 1808 2057 auctorum
1826 2017 1985 2057 laudari
1999 2029 2118 2066 quam
2139 2029 2188 2057 ex
2207 2017 2409 2067 memoria,
2428 2021 2549 2067 atque

379 2082 500 2123 faci-le
526 2081 716 2122 concedes
744 2081 873 2121 locum
901 2081 1014 2121 illum
1036 2088 1199 2122 nostrae
1228 2082 1434 2123 orationis.
1464 2083 1595 2130 qualis
1623 2083 1739 2122 hodie
1766 2083 1927 2132 legitur,
1956 2094 1980 2120 a
1999 2081 2163 2121 Valerio
2194 2092 2279 2120 esse
2307 2086 2549 2131 excerptum,

382 2147 486 2196 quod
505 2146 632 2185 multo
651 2145 699 2184 fit
717 2144 976 2195 probabilius,
992 2145 1026 2185 si
1048 2146 1252 2186 nobiscum
1274 2150 1505 2196 reputamus
1526 2146 1733 2186 Valerium
1753 2146 1830 2186 sibi
1850 2138 2101 2195 proposuisse
2123 2146 2313 2185 memoria
2329 2146 2451 2194 digna
2470 2147 2547 2184 001-

380 2211 508 2259 ligere
535 2222 556 2247 e
583 2209 706 2247 claris
734 2208 1010 2257 scriptoribus,
1035 2222 1203 2258 quorum
1224 2210 1453 2250 Ciceronem
1482 2210 1546 2249 vel
1574 2209 1737 2259 plurimi
1765 2208 2055 2258 aestimaverit,
2082 2213 2204 2259 atque
2233 2221 2431 2259 perpauca
2460 2212 2547 2249 tan—

380 2278 466 2314 tum
495 2274 544 2312 de
572 2285 643 2312 suo
672 2272 833 2321 ingenio
862 2272 1085 2312 addidisse..
1140 2275 1209 2312 Sin
1246 2286 1342 2312 vero
1376 2274 1488 2312 illum
1522 2274 1650 2312 locum
1684 2285 1824 2323 reapse
1861 2285 1881 2312 e
1908 2273 2073 2312 Valerio
2103 2273 2389 2325 desumpsisset
2416 2273 2546 2313 decla-

380 2340 524 2388 mator,
560 2347 657 2377 sane
691 2336 917 2377 mirandum
954 2340 1069 2386 esset,
1103 2350 1174 2378 cur
1206 2339 1279 2378 hoc
1314 2350 1391 2377 uno
1426 2342 1637 2377 contentus
1665 2338 1707 2377 in
1736 2342 1853 2377 tanta
1882 2338 1995 2387 copia
2024 2338 2317 2378 sententiarum
2352 2349 2398 2377 ac
2434 2350 2547 2386 prae-

381 2402 489 2441 clare
516 2401 716 2440 dictorum
743 2413 823 2440 non
851 2401 933 2440 alia
960 2413 1126 2450 quoque,
1162 2414 1289 2450 neque
1323 2402 1452 2441 minus
1492 2401 1698 2450 eleganter
1733 2401 1854 2451 dieta,
1889 2401 1927 2440 in
1959 2413 2073 2441 suum
2102 2414 2199 2451 opus
2226 2401 2495 2440 transtulerit.

380 2465 476 2504 Jam
504 2464 547 2503 in
576 2464 858 2503 constituendo
888 2465 961 2503 1100
986 2470 1223 2513 argumento
1247 2467 1358 2516 justo
1386 2465 1577 2505 audacius
1606 2476 1840 2515 progressus
1865 2476 1950 2504 esse
1976 2464 2138 2504 videtur
2166 2464 2232 2505 vir
2260 2465 2410 2504 doctus.

512 2527 570 2566 At
599 2527 790 2568 Valerius
818 2527 932 2568 illum
962 2528 1090 2568 locum
1120 2530 1345 2570 exscribere
1373 2529 1507 2580 potuit
1536 2529 1738 2578 integrum
1766 2541 1788 2568 e
1812 2529 1987 2578 genuina
2015 2529 2216 2568 Ciceronis
2245 2528 2438 2577 oratione,
2474 2528 2547 2567 fal-

379 2591 512 2632 sarius
542 2603 639 2631 vero
667 2592 836 2631 eundem
863 2591 1152 2641 interpolatum
1180 2594 1358 2643 recipere
1388 2606 1436 2633 ex
1463 2593 1596 2633 eodem
1624 2593 1745 2632 fonte.
1799 2593 1827 2632 J
1830 2605 1893 2632 am
1921 2593 2051 2643 audio,
2078 2605 2140 2632 me
2168 2593 2209 2632 in
2229 2593 2339 2632 aliud
2354 2591 2548 2642 judicium

380 2655 520 2695 vocari
547 2666 572 2694 a
601 2654 797 2707 Wolfi06),
826 2655 895 2705 qui
924 2668 1011 2695 cum
1043 2657 1176 2696 facere
1205 2670 1283 2697 non
1310 2662 1454 2706 posset,
1484 2657 1579 2706 quin
1608 2656 1677 2696 vix
1707 2657 1947 2696 credendum
1977 2656 2140 2707 diceret,
2178 2657 2299 2696 talem
2327 2654 2547 2695 orationem

1345 182 1584 222 -6-

469 2764 491 2796 ¹)
515 2767 548 2794 in
574 2765 680 2794 woiiii
706 2765 788 2792 libro
813 2765 917 2801 praes.
943 2773 973 2801 p.
1000 2766 1141 2795 llxxvii.

468 2817 494 2854 ²)
521 2818 621 2856 Wolf,
646 2818 677 2846 in
702 2818 721 2846 1,
749 2819 768 2846 Ι.
795 2818 900 2853 praef.
926 2826 954 2854 p.
982 2819 1112 2848 ΧΧΧΙΧ.
1167 2847 1171 2850 ,

392 2905 410 2910 ..
470 2870 495 2905 ⁸)
521 2870 634 2906 Orelli,
660 2875 819 2899 onomast.
846 2869 869 2908 1,
896 2879 925 2907 p.
950 2872 1004 2907 68,
1032 2874 1087 2899 not
1114 2872 1138 2899 1.

353 2914 420 2964 '‘f‘'
445 2912 721 2967 “placi-nnumin
748 2923 925 2952 Grandi-iss
950 2924 979 2955 d,
1005 2926 1084 2951 rom.
1110 2924 1297 2952 Litteratnr.
1325 2925 1416 2955 1872.
1442 2932 1459 2960 p
1496 2925 1568 2952 820.

354 2962 416 2986 '‘¹¹⁴⁷“
447 2964 595 3012 “ilfi'‘Val.
621 2974 699 3005 Max.
728 2976 758 3003 in
784 2976 867 3004 libro
893 2976 1050 3005 dictorum
1077 2976 1304 3012 factorumque
1331 2977 1586 3005 memorabilium
1614 2977 1636 3012 l,
1663 2978 1705 3006 ¹.:

469 3028 609 3064 Major-es
633 3031 738 3057 statas
768 3029 990 3065 solemnesque
1020 3030 1213 3058 cerimonias
1248 3032 1432 3066 ponium-uin
1466 3031 1617 3066 scientia,
1647 3030 1727 3058 hene
1762 3031 1981 3068 gerendarum
2017 3036 2124 3057 rerum
2153 3028 2365 3055 auctoritates
2388 3029 2548 3057 augurum

382 3081 629 3128 cabsel-vetlem,
654 3081 815 3118 Apollinis
833 3082 1078 3117 praedictiones
1097 3086 1203 3111 vatum
1230 3084 1335 3112 libris.
1362 3088 1584 3119 portentorum
1605 3083 1814 3121 depulsiones
1833 3082 1968 3112 Etrusca
1987 3081 2160 3118 disciplina
2182 3079 2335 3116 explicari
2353 3078 2537 3106 voluerunt-

418 3142 424 3149 ·
473 3133 501 3170 ⁸)
526 3134 624 3164 Wolf.
649 3141 721 3171 pag.
745 3134 809 3172 XX,
833 3142 906 3172 pag.
932 3135 1063 3172 ΧΧΧΙΧ,
1088 3144 1160 3174 pag.
1186 3136 1289 3166 xmv.

2596 376 2629 427 ¹)

2595 1007 2624 1056 ⁵)
