2760 3454
1309 167 1548 206 -7-

356 290 383 320 a
406 278 574 321 falsario
602 279 711 320 ultro
740 282 783 320 et
807 281 949 329 sponte
980 281 1108 320 totam
1145 291 1233 321 esse
1268 281 1488 331 confictam,
1521 282 1625 321 hanc
1658 281 1772 321 nobis
1811 282 2081 332 conjecturam
2110 280 2365 331 propinavit:
2399 290 2520 329 quam

355 334 516 384 ‘veteres
541 343 758 383 laudarent
783 342 1005 382 orationem
1033 342 1083 383 de
1108 344 1363 394 haruspicum
1392 354 1593 393 responso,
1627 355 1770 383 revera
1798 354 1884 383 esse
1912 343 2125 394 Ciceronis,
2155 355 2275 393 quam
2303 354 2376 384 nos
2400 343 2520 383 habe·

357 417 490 446 remus
525 405 567 445 in
581 395 799 455 ‘manibus
833 405 1065 445 scholastici
1098 407 1269 446 hominis
1306 419 1391 447 esse
1425 407 1766 455 declamationem,
1803 407 2029 456 compilatis
2064 419 2113 447 ex
2147 408 2220 447 illa
2256 410 2298 447 et
2330 408 2452 447 rebus
2478 410 2522 446 et

357 468 571 508 sententiis
598 468 869 519 compositam.
924 470 984 509 Ac
1010 470 1167 509 Valerii
1192 470 1351 519 quidem
1388 471 1513 510 verba
1539 470 1650 509 nullo
1686 469 1800 509 modo
1837 481 1951 519 posse
1977 469 2193 519 suffragari
2220 468 2313 509 huic
2340 468 2520 520 opinioni

356 532 583 572 rationibus
609 544 732 582 supra
758 533 895 572 allatis
922 533 1023 572 satis
1051 534 1231 573 docuisse
1259 533 1357 571 mihi
1386 533 1535 572 videor.
1589 534 1665 572 Sed
1688 534 1814 572 multo
1853 534 2081 582 graviorem
2109 533 2151 572 in
2185 537 2371 582 promptu
2396 533 2520 572 habet

357 595 527 636 Wolfius
546 607 642 636 suae
668 596 895 637 sententiae
914 600 1128 637 auctorem.
1182 596 1378 636 Asconius
1408 597 1511 637 enim
1536 597 1738 637 Pedianus
1760 598 1810 636 ad
1833 597 2111 637 Cornelianam
2131 596 2277 648 (Orelli
2296 596 2344 645 V,
2363 596 2417 645 11,
2436 596 2517 648 69).

357 662 405 698 111
433 659 661 698 Ciceronem
691 659 733 698 in
768 660 980 699 referendo
1022 660 1156 699 eodem
1192 662 1300 699 facto
1338 660 1414 699 sibi
1446 673 1524 699 11011
1552 666 1735 699 constare
1770 661 1944 711 edoceat,
1980 659 2176 701 orationis
2212 659 2261 700 de
2299 661 2384 700 har.
2414 672 2517 711 resp.

356 723 486 762 locum
515 723 655 762 laudat
682 723 793 772 (XII,
827 723 850 774 ξ
878 728 955 773 241,
991 737 1067 772 quo
1098 726 1140 763 P.
1170 725 1300 773 Scipio
1330 725 1546 762 Africanus
1583 725 1763 762 traditur
1794 725 2093 774 Megalensibus
2134 724 2296 762 senatui
2339 729 2518 763 secretas

356 785 399 827 111
425 787 586 826 theatro
615 786 727 827 sedes
753 786 919 836 dedisse,
954 787 1018 828 0111
1051 788 1135 828 1000
1171 789 1269 828 haec
1310 788 1466 838 adjecta
1500 787 1707 836 leguntur:
1744 789 1816 827 1100
1845 788 2045 828 tributum
2074 799 2160 827 esse
2186 787 2347 826 senat-ui
2376 787 2518 827 scribit

358 851 427 889 sed
455 850 531 889 3111
544 846 696 888 emen
708 851 846 889 tione
874 852 916 889 M
928 852 1251 900 egalensium.
1307 851 1459 901 Quibus
1491 851 1624 889 verbis
1654 851 1817 890 Asconii
1840 851 2034 902 Judicium
2065 850 2113 890 de
2141 850 2307 889 laudato
2334 849 2403 889 illo
2432 850 2517 890 loco

358 914 562 954 Ciceronis
590 913 789 954 contineri
816 915 1003 963 opinatus
1032 916 1201 954 Wolfius
1230 916 1526 964 apertissimum
1556 926 1641 953 esse
1669 920 1816 963 censet,
1844 916 1885 953 in
1915 928 1971 954 ea.
2000 926 2119 962 quam
2139 914 2337 953 Asconius
2366 914 2407 953 in
2436 927 2516 953 ma-

357 977 476 1018 nibus
504 976 693 1017 habuerit
730 977 932 1018 Ciceronis
974 978 1156 1018 oratione
1196 979 1244 1018 de
1283 979 1320 1017 h.
1350 992 1391 1018 r..
1435 977 1586 1016 nullam
1628 989 1712 1017 esse
1753 979 1899 1017 factam
1937 977 2179 1018 mentionem
2217 977 2516 1026 Megalensium.

358 1042 486 1091 Atqui
515 1042 557 1079 in
584 1041 778 1090 oratione,
806 1054 923 1089 quam
952 1054 1025 1080 nos
1052 1046 1146 1080 ante
1176 1043 1309 1080 oculos
1348 1042 1547 1080 habemus.
1582 1041 1747 1089 legitur:
1785 1053 1808 1079 a
1837 1041 2019 1090 Scipione
2054 1040 2214 1080 senatui
2248 1041 2416 1089 primam
2453 1053 2516 1080 ca-

357 1118 472 1146 veam
506 1104 702 1144 tributam
732 1117 817 1145 esse
845 1105 942 1154 ipsis
972 1106 1251 1154 Megalesibus.
1297 1106 1442 1153 Itaque
1478 1105 1579 1143 satis
1618 1104 1867 1153 perspicuum
1904 1117 1988 1144 esse
2020 1105 2225 1145 concludit
2258 1104 2323 1143 vir
2358 1105 2516 1144 doctus:

357 1170 479 1210 aliam
505 1169 616 1209 illam
644 1180 729 1209 esse
757 1168 978 1209 orationem
1005 1169 1230 1219 genuinam,
1265 1169 1384 1209 aliam
1410 1173 1588 1208 nostram
1624 1182 1646 1208 a
1676 1168 1840 1208 falsario
1869 1169 2070 1209 nonnullis
2104 1169 2311 1208 vocabulis
2338 1175 2509 1209 auctam.

358 1233 437 1271 Sed
463 1234 591 1270 locum
620 1232 732 1270 illum
761 1233 1030 1271 Asconianum
1048 1233 1201 1283 ¹misere
1231 1244 1316 1272 esse
1344 1232 1572 1271 mutilatum
1598 1233 1681 1281 jam
1712 1232 1975 1271 Marklandus
2003 1231 2122 1281 vidit,
2151 1235 2193 1271 et
2220 1232 2329 1272 docti
2358 1232 2448 1281 viri,
2475 1232 2517 1272 111

356 1296 496 1345 primis
526 1295 766 1344 Madvigius,
793 1296 862 1344 qui
891 1308 979 1335 eum
1010 1296 1227 1335 restituere
1254 1296 1387 1334 conati
1406 1302 1520 1347 nsunt,
1558 1301 1790 1334 statuerunt
1826 1300 1921 1334 ante
1955 1307 2018 1334 vv.
2050 1297 2147 1343 „hoc
2184 1295 2407 1333 tributum·‘
2445 1302 2518 1334 etc.

354 1358 577 1399 desiderari
605 1369 746 1398 nomen
774 1359 978 1409 cujusdam
1006 1358 1227 1408 scriptoris,
1256 1358 1324 1408 qui
1353 1359 1394 1397 in
1424 1358 1623 1407 prodendo
1655 1358 1723 1397 illo
1753 1358 1858 1397 facto
1888 1359 2038 1398 nullam
2065 1358 2210 1398 fecerit
2229 1358 2518 1407 Megalensium

356 1423 609 1463 mentionem.
662 1422 761 1472 Quis
788 1423 856 1462 ille
885 1423 1019 1472 fuerit,
1046 1435 1124 1462 non
1154 1422 1304 1461 attinet
1333 1433 1535 1470 quaerere,
1574 1422 1674 1461 satis
1713 1427 1774 1461 est
1801 1423 1912 1471 scire,
1940 1423 2170 1462 Ciceronem
2196 1433 2276 1461 non
2305 1421 2440 1470 fuisse,
2468 1423 2519 1461 ad

359 1499 475 1536 quem
503 1498 581 1524 11011
610 1497 727 1534 posse.
750 1490 932 1535 spectare
961 1486 1032 1525 illa
1061 1487 1185 1525 verba
1209 1487 1293 1536 ι10111
1320 1497 1413 1525 voce
1443 1485 1629 1531 ..scribiv‘
1663 1486 1856 1533 docemur.
1896 1497 1997 1534 quae
2033 1486 2084 1525 ad
2120 1485 2354 1534 scriptorem
2386 1485 2520 1535 potius

359 1551 544 1600 quadrat,
570 1561 689 1598 quam
711 1550 762 1589 ad
789 1554 1000 1599 oratorem,
1025 1550 1263 1599 praesertim
1292 1562 1378 1588 011111
1398 1549 1595 1588 Asconius
1624 1549 1707 1598 ipse
1736 1550 1868 1599 paullo
1896 1555 1991 1589 ante
2017 1551 2066 1589 (le
2094 1562 2139 1589 eo
2168 1549 2300 1589 utitur
2326 1551 2519 1590 vocabulo

359 1614 528 1655 dicendi.
574 1615 710 1662 Atque
737 1614 859 1653 etiam
887 1619 1043 1654 tantum
1072 1616 1197 1663 abest,
1225 1618 1270 1653 ut
1291 1626 1361 1662 pro
1382 1614 1526 1652 Wolfio
1547 1613 1678 1653 facere
1700 1618 1880 1661 putemus
1901 1614 1972 1653 illa
1995 1615 2132 1662 verba,
2159 1618 2206 1653 ut
2226 1625 2271 1653 eo
2290 1614 2388 1663 ipso,
2416 1615 2519 1662 quod

359 1680 409 1718 de
437 1677 727 1728 Megalensium
753 1678 1125 1718 commemoratione
1162 1677 1362 1727 disceptat
1393 1677 1601 1718 Asconius.
1636 1677 1835 1716 indicetur
1864 1677 1945 1717 illis
1974 1676 2222 1728 temporibus
2251 1678 2373 1717 verbo
2403 1683 2520 1717 tenus

360 1743 524 1782 eandem
552 1742 758 1781 exstitisse
785 1743 1017 1792 orationem,
1043 1755 1162 1791 quam
1190 1742 1308 1781 hodie
1335 1743 1535 1781 habemus.
1590 1742 1729 1780 Nonne
1757 1742 1860 1780 enim
1889 1742 1948 1780 illi
1976 1742 2073 1791 ludi,
2108 1742 2178 1791 qui
2204 1741 2247 1780 in
2265 1741 2351 1790 ipso
2372 1742 2519 1780 Matris

360 1806 534 1855 Magnae
560 1810 773 1854 conspectu
801 1806 997 1846 celebrari
1034 1807 1224 1846 dicuntur
1252 1806 1358 1854 apud
1387 1805 1602 1844 Asconium
1632 1805 1672 1844 111
1702 1805 1865 1843 laudato
1895 1805 2099 1845 Ciceronis
2133 1806 2231 1855 loco,
2266 1805 2353 1853 ipsa
2383 1806 2519 1855 Mega-

360 1869 488 1909 lensia
514 1867 638 1908 sunt?
681 1868 1048 1909 Commemorantur
1068 1869 1194 1919 igitur
1215 1869 1474 1918 Megalensia,
1500 1869 1585 1907 sola
1612 1880 1700 1917 vox,
1720 1873 1915 1916 quantum
1944 1880 2133 1918 auguror,
2162 1868 2204 1907 in
2232 1868 2317 1908 loco
2345 1868 2406 1908 ita
2433 1881 2518 1908 cor-

361 1937 480 1982 rupto
510 1932 671 1971 excidit.

490 1997 585 2036 Jam
613 2007 708 2035 vero
737 1995 1004 2047 Madvigius¹)
1040 1996 1172 2035 acrius
1201 1996 1378 2035 intendit
1403 1997 1553 2035 crimen
1582 1996 1623 2035 in
1652 2001 1829 2034 nostram
1858 1996 2080 2035 orationem
2109 2008 2159 2034 ex
2188 1996 2335 2050 eodem,
2368 1996 2417 2034 de
2444 2008 2522 2044 quo

360 2060 475 2100 modo
504 2058 776 2109 disseruimus,
802 2058 966 2098 Asconii
993 2058 1077 2097 loco
1106 2065 1390 2108 comparatum.
1445 2060 1533 2099 Non
1564 2059 1668 2099 enim
1694 2059 1979 2109 neglegendum
2008 2062 2129 2108 putat
2156 2059 2207 2099 ab
2236 2058 2408 2099 Asconio
2425 2059 2521 2099 -lau-

362 2124 452 2163 dari
479 2123 701 2163 orationem
730 2123 778 2162 de
805 2122 1062 2171 haruspicum
1090 2134 1290 2172 responso,
1317 2128 1494 2162 nostram
1522 2135 1618 2163 vero
1655 2124 1696 2162 in
1731 2123 1910 2162 omnibus
1946 2123 2149 2163 codicibus
2175 2121 2410 2171 inscriptam
2437 2134 2523 2163 0330

361 2187 411 2227 (10
435 2188 596 2235 harusp.
625 2185 856 2234 responsis.
910 2186 953 2225 Si
980 2186 1138 2234 quidem
1166 2187 1410 2226 declamator
1438 2200 1486 2226 ex
1513 2200 1611 2226 vera
1638 2187 1818 2225 oratione
1846 2187 2096 2225 declamandi
2136 2187 2381 2225 occasionem
2420 2186 2523 2225 arri-

361 2248 525 2299 puisset,
551 2247 652 2288 nihil
680 2248 803 2289 fuisse
831 2248 1001 2298 facilius,
1029 2260 1147 2298 quam
1176 2261 1224 2288 ex
1254 2262 1442 2299 responso
1463 2250 1594 2290 facere
1614 2263 1814 2299 responsa,
1833 2255 1879 2289 ut
1906 2250 2025 2299 plura
2051 2250 2184 2290 dicere
2202 2253 2347 2301 posset.
2387 2250 2524 2298 Atque

360 2313 426 2352 hic
454 2312 721 2364 prosperrime
745 2323 828 2351 rem
855 2312 1025 2362 gessisse
1051 2312 1214 2352 videtur
1241 2313 1563 2367 Lahmeyerus3),
1590 2313 1657 2364 qui
1686 2318 1851 2354 conatus
1887 2317 1949 2353 est
1975 2314 2268 2365 edocere,·eam
2294 2313 2522 2364 inscriptio-

361 2389 462 2426 nem,
490 2389 609 2426 quam
637 2377 833 2417 Asconius
867 2377 1056 2426 servarit,
1097 2381 1261 2416 nostrae
1287 2379 1464 2417 orationi
1505 2391 1647 2418 revera
1689 2378 1941 2418 tribuendam
1982 2389 2079 2417 esse.
2134 2378 2379 2417 Observavit
2418 2378 2524 2417 enim

361 2440 586 2480 rectissime
612 2452 649 2479 v.
668 2440 721 2479 d.:
757 2452 877 2489 quum
906 2441 954 2480 de
982 2440 1168 2480 universo
1188 2452 1323 2480 rerum
1352 2442 1740 2491 responsionumque,
1770 2454 1871 2490 quae
1898 2453 2032 2481 omnes
2059 2453 2108 2481 ex
2136 2452 2218 2480 una
2246 2445 2407 2480 tautum
2435 2453 2524 2490 pro-

362 2503 462 2554 digii
490 2503 600 2544 illius
627 2515 726 2543 ansa
750 2503 1020 2553 defluxissent,
1045 2503 1247 2552 complexo
1273 2510 1466 2554 ageretur
1505 2505 1546 2544 in
1585 2511 1724 2545 nostra
1764 2505 1959 2555 oratione,
1999 2516 2156 2555 semper
2186 2503 2413 2545 adhibitum
2440 2516 2526 2544 esse

361 2567 531 2617 simplex
550 2567 786 2607 vocabulum
817 2571 1093 2617 „responsum“
1126 2568 1229 2616 quod
1257 2568 1376 2608 facile
1402 2569 1537 2618 colligi
1564 2574 1698 2618 posset
1725 2582 1774 2609 ex
1801 2570 1863 2609 his
1882 2569 1981 2609 locis
2000 2581 2031 2609 c.
2057 2568 2094 2608 V
2114 2567 2138 2621 ᾖ
2159 2572 2183 2608 9
2204 2580 2436 2618 responsum
2456 2569 2525 2608 ha-

363 2631 564 2680 ruspicum
592 2632 667 2671 hoc
694 2643 832 2671 recens
859 2631 901 2671 in
930 2632 1118 2672 concione
1145 2631 1345 2671 recitavit.
1400 2656 1452 2660 ——
1505 2631 1538 2684 ξ.
1569 2636 1627 2672 10.
1657 2633 1869 2682 reperietis
1898 2646 1947 2673 ex
1975 2634 2050 2672 hoc
2077 2637 2165 2672 toto
2192 2632 2375 2682 prodigio
2403 2636 2527 2681 atque

361 2705 552 2744 responso
572 2719 622 2723 —
652 2707 682 2736 c.
710 2699 733 2734 6
759 2694 782 2748 ξ
813 2699 858 2735 11
890 2708 939 2736 ex
964 2697 1038 2736 hoc
1064 2695 1319 2745 haruspicum
1348 2707 1547 2746 responso.
1581 2719 1625 2724 -
1657 2709 1688 2737 c.
1715 2701 1749 2736 9.
1775 2696 1798 2750 ξ
1829 2701 1888 2737 18.
1914 2696 2124 2747 gravitate
2151 2695 2332 2746 responsi
2359 2706 2525 2736 commo-

453 2804 478 2841 ¹)
503 2806 664 2834 Asconius
688 2806 719 2834 in
737 2806 965 2835 cornelianam
983 2804 1098 2841 (Orelli
1116 2803 1152 2840 V,
1171 2803 1208 2841 11,
1226 2804 1295 2841 69);
1321 2805 1351 2832 in
1377 2812 1414 2833 ea
1438 2809 1561 2842 autem,
1579 2813 1674 2841 quam
1693 2810 1766 2842 post
1784 2799 1907 2842 aliquot
1930 2814 2034 2835 annos
2051 2806 2160 2835 habult
2181 2806 2221 2834 de
2239 2806 2445 2841 haruspicum
2470 2812 2526 2833 re-

364 2864 498 2894 sponso,
523 2865 586 2886 non
611 2865 742 2894 passum
768 2865 842 2886 esse
867 2858 1063 2895 Scipionem,
1095 2857 1152 2885 sed
1184 2858 1288 2893 ipsum
1320 2861 1485 2886 auctorem
1523 2858 1627 2887 fuisse
1651 2859 1746 2888 dandi
1771 2867 1844 2887 eum
1870 2860 1973 2887 locum
2005 2858 2217 2887 senatoribus
2245 2857 2376 2886 videtur
2397 2856 2527 2893 signifi-

362 2915 449 2937 care.
494 2909 600 2938 Verba
625 2910 696 2945 ejus
722 2910 800 2939 haec
823 2914 918 2939 sunt:
947 2909 1022 2939 Nam
1048 2910 1121 2946 quid
1146 2917 1207 2946 ego
1232 2910 1271 2938 de
1298 2910 1363 2938 illis
1388 2910 1472 2938 ludis
1497 2911 1628 2948 loquar,
1658 2919 1738 2947 quos
1763 2913 1793 2940 in
1817 2912 1943 2941 Palatio
1967 2912 2074 2940 nostrl
2097 2906 2242 2946 majores
2273 2912 2349 2937 unte
2376 2910 2528 2945 templum

366 2959 478 2989 lintris
501 2960 636 2999 Magnae
660 2962 731 2992 fieri
755 2963 981 3000 celebrarique
1006 2962 1202 2991 voluerunt?
1233 2962 1349 2999 quibus
1374 2963 1509 2999 primum
1534 2963 1619 2993 ludis
1644 2968 1718 2993 ante
1745 2966 1852 3000 populi
1876 2971 2066 2993 consessum
2091 2964 2220 2992 senatui
2244 2963 2350 2992 locum
2374 2962 2408 2992 P.
2432 2961 2526 2992 Afri-

362 3020 464 3046 ,canns
490 3013 526 3046 11.
552 3022 618 3044 cos.
642 3019 675 3045 et
697 3015 825 3054 collega
850 3015 941 3052 ejus:
967 3016 1157 3052 Sempronio
1183 3017 1292 3053 Longo
1316 3015 1472 3045 tributum
1495 3024 1569 3046 esse
1594 3019 1722 3046 senatui
1748 3018 1876 3053 scribit,
1901 3017 1958 3045 sed
1976 3017 2046 3046 31110
2072 3017 2235 3045 mentione
2258 3015 2506 3053 negate-:sium

449 3064 474 3101 ²)
497 3067 636 3107 Madvig,
659 3069 699 3098 de
723 3069 853 3098 Asconii
876 3068 1118 3099 commentariis
1144 3076 1172 3105 p.
1197 3069 1248 3098 76.

450 3117 476 3156 ⁸)
500 3120 680 3158 Lahmeyer
701 3122 732 3151 in
756 3122 821 3154 l.=1.
848 3129 921 3161 pag.
944 3122 984 3152 27
1009 3123 1041 3150 et
1062 3121 1113 3151 28.

2570 2004 2605 2055 ¹)

2571 2321 2604 2373 8)
