2760 3454
1301 204 1535 244 ..5-

462 316 727 356 Hermann
754 314 794 355 C.
822 315 870 355 F.
925 316 1195 357 Gesammelte
1221 317 1545 368 Abhandlungen
1572 320 1654 359 und
1682 319 1876 370 Beitrage
1901 333 1973 361 zur
1998 321 2122 362 klass.
2151 322 2366 362 Literatur
2396 325 2498 362 1849

332 391 370 429 p.
398 383 461 420 35.
479 391 517 418 n.
535 381 599 418 46.
642 377 799 417 Deinde
825 377 1108 430 Lahmeyer
1133 380 1176 420 in
1204 380 1490 421 dissertatione
1516 392 1590 421 sua
1617 382 1815 423 orationis
1833 383 1883 423 de
1901 383 2100 432 haruspic.
2120 395 2311 433 responso
2334 384 2500 424 habitae
2550 385 2582 438 ¹)

332 442 528 493 originem
556 440 785 481 Tullianam
812 441 994 482 defendit
1023 446 1137 483 1850.
1173 444 1202 484 J
1204 456 1269 483 am
1296 447 1471 493 augetur
1498 445 1572 485 hoc
1598 445 1715 484 docto
1742 444 1831 486 viro
1866 450 2031 486 auctore
2066 449 2189 495 atque
2225 447 2326 487 duce
2357 459 2499 488 manus

332 517 480 556 eorum,
508 505 577 555 qui
605 515 631 543 a
655 504 847 545 Gessneri
863 509 978 546 stant
1003 506 1199 557 partibus,
1224 510 1346 556 atque
1371 511 1512 556 postea
1537 507 1624 547 sive
1651 511 1698 547 ut
1724 508 1901 558 genuina
1924 508 1986 549 nsi
2013 513 2109 549 sunt
2133 513 2275 550 nostra
2301 510 2498 562 oratione,

331 571 418 611 sive
444 582 531 611 eam
560 574 607 610 ut
634 570 936 611 Ciceronianam
963 572 1234 612 laudaverunt
1261 584 1296 611 v.
1324 572 1360 611 d.

458 636 604 686 Halm
634 637 676 675 in
704 649 752 675 ea
782 637 981 684 editione,
1010 649 1129 684 quam
1156 648 1245 675 cum
1273 636 1440 675 Baitero
1470 637 1632 676 cura-vit
1659 637 1714 685 II,
1744 641 1766 676 2
1797 636 1920 685 praef.
1948 637 2023 676 IX.

454 699 684 749 Mommsen,
716 698 926 740 Romische
967 698 1207 740 Geschichte
1234 698 1311 750 III,
1338 711 1374 749 p.
1404 701 1491 740 308.
1549 698 1770 750 Briickner,
1799 699 1936 741 Leben
1963 699 2045 753 des
2061 699 2115 740 M.
2142 699 2185 740 Τ.
2214 698 2352 741 Cicero
2380 704 2495 753 1852,

329 762 454 811 praef.
482 773 518 810 p.
545 762 620 800 XI.
647 762 692 800 F.
718 762 932 811 Hofmann,
960 763 1235 810 ausgewahlte
1263 762 1399 800 Briefe
1428 762 1598 801 Cicero's
1628 767 1730 801 1860
1758 775 1794 811 p.
1822 768 1884 802 83.
1926 764 2093 803 'Fischer
2120 764 2163 801 in
2189 775 2280 802 ann.
2308 765 2359 802 ad
2383 776 2439 803 or.
2458 777 2495 813 p.

329 826 501 864 Murena
531 829 629 870 1861
661 838 696 873 p.
724 830 785 864 51.
832 825 971 874 Lange
995 827 1044 865 de
1072 826 1227 874 legibus
1251 826 1370 865 Aelia
1397 830 1438 864 et
1468 825 1585 864 Fufia
1616 830 1715 865 1861
1738 839 1773 874 p.
1793 830 1815 865 6
1838 826 2125 876 Naegelsbach,
2150 826 2288 866 laoein.
2314 826 2494 867 Stih'stik

328 901 365 940 p,
394 892 456 939 66,
488 891 536 928 76
567 887 660 928 aliis
687 888 794 928 locis.

457 952 620 1001 Teuffel,
650 953 749 990 iiber
778 952 856 990 Cic.
885 952 1105 991 Character
1124 963 1160 990 u.
1187 952 1392 990 Schriften
1424 955 1524 989 1863
1553 963 1589 999 p.
1622 956 1681 990 12.

457 1016 708 1064 Marquardt,
737 1021 832 1056 rom.
861 1016 1173 1055 Privatalterth.
1199 1016 1230 1064 Ι,
1262 1019 1364 1055 1864
1392 1029 1427 1064 p.
1458 1019 1519 1064 58,
1550 1018 1636 1055 129.

458 1079 621 1129 Teuffel,
650 1079 890 1120 Geschichte
917 1080 953 1120 d.
982 1084 1076 1120 rom.
1106 1078 1319 1119 Literatur
1349 1082 1451 1118 1870
1480 1091 1516 1128 p.
1548 1081 1635 1119 263.

455 1142 645 1192 Boissier,
675 1142 813 1182 Cicero
842 1143 923 1181 und
951 1142 1061 1181 seine
1086 1142 1275 1181 Freunde
1302 1143 1433 1181 ubers.
1463 1154 1498 1181 v.
1527 1142 1691 1190 Dohler,
1722 1145 1835 1190 1869,
1863 1154 1898 1191 p.
1927 1145 2014 1181 274.

457 1207 654 1255 Merguet,
681 1205 857 1245 Lexicon
885 1219 917 1244 z.
945 1206 981 1244 d.
1006 1206 1144 1244 Reden
1171 1207 1240 1245 des
1270 1206 1419 1254 Cicero,
1447 1218 1541 1254 pars
1563 1206 1595 1254 Ι,
1626 1209 1737 1243 1878.

454 1269 582 1319 Sorof,
609 1269 733 1310 Cicer.
761 1270 810 1309 de
837 1273 937 1309 orat.
967 1269 1139 1318 praefat.
1168 1282 1203 1319 p.
1233 1273 1294 1309 24.
1323 1272 1435 1313 1875.

401 1333 499 1372 Cum
518 1333 645 1382 igitur
666 1337 727 1372 tot
747 1333 933 1380 tantique
953 1332 1032 1371 viri
1052 1337 1093 1371 et
1112 1332 1219 1372 inter
1240 1333 1471 1382 philologos,
1498 1332 1566 1380 qui
1591 1332 1790 1380 dicuntur,
1817 1331 2103 1380 spectatissimi
2129 1333 2387 1371 vehementer
2413 1333 2491 1371 dis-

325 1397 506 1435 sentiant
532 1397 580 1434 de
607 1398 682 1434 hac
710 1407 861 1444 caussa,
887 1396 994 1433 haud
1023 1395 1141 1434 facile
1169 1397 1347 1444 profecto
1377 1396 1539 1434 videtur
1568 1395 1758 1443 colligere
1777 1406 1916 1433 sanum
1935 1398 2058 1443 atque
2085 1395 2360 1444 incorruptum
2385 1396 2492 1445 judi-

324 1461 439 1507 cium,
467 1472 555 1498 cum
585 1459 756 1497 maxime
783 1460 1037 1497 recordemur
1066 1459 1254 1497 Wolfium
1263 1460 1295 1510 ²)
1321 1461 1423 1498 hanc
1450 1462 1630 1497 nostram
1661 1458 1932 1506 quaestionem
1962 1459 2085 1498 talem
2118 1457 2290 1507 dixisse,
2333 1459 2491 1507 qualem
2540 1460 2573 1511 ¹)

323 1532 560 1573 cognoscere
588 1520 657 1571 qui
684 1532 827 1571 operae
860 1521 1033 1571 pretium
1061 1521 1263 1571 ducerent,
1298 1533 1383 1561 esse
1409 1521 1515 1560 omni
1541 1526 1720 1570 tempore
1752 1532 1908 1570 paucos,
1943 1521 2153 1571 pauciores
2190 1521 2261 1570 qui
2288 1521 2329 1560 id
2358 1521 2492 1560 facere

323 1590 496 1635 possent,
525 1586 595 1624 sed
623 1585 692 1633 qui
719 1586 839 1623 iidem
866 1589 906 1623 et
935 1585 1086 1623 vellent
1114 1590 1154 1623 et
1181 1590 1343 1632 possent
1370 1586 1488 1633 longe
1517 1586 1786 1632 paucissimos.
1836 1585 1909 1623 Cui
1935 1585 2176 1623 selectorum
2204 1597 2368 1624 numero
2395 1598 2491 1624 num

320 1651 406 1698 ipse
430 1650 647 1698 adscribar,
676 1650 861 1697 quoniam
882 1649 974 1697 Jure
1002 1649 1153 1692 dubito,
1182 1649 1253 1687 hoc
1281 1653 1390 1688 certe
1415 1653 1624 1697 praestare
1651 1648 1853 1697 constitui,
1880 1652 1938 1697 ut,
1962 1647 1997 1688 si
2026 1661 2106 1688 non
2134 1647 2323 1698 potuisse,
2351 1653 2486 1689 tamen

322 1711 496 1764 voluisse
525 1711 726 1753 sustinere
751 1711 852 1752 illud
871 1722 1013 1751 munus
1041 1710 1212 1751 viderer.
1250 1711 1393 1761 Itaque
1421 1711 1591 1761 primum
1618 1711 1769 1751 acriter
1793 1722 1839 1751 ac
1862 1710 2082 1761 diligenter
2108 1710 2150 1751 id
2178 1710 2254 1762 egi,
2281 1716 2327 1752 ut
2354 1715 2489 1752 mente

321 1777 493 1825 integra,
521 1776 633 1814 nulla
660 1780 973 1823 praeoccupatus
999 1775 1160 1823 opinion
1169 1787 1200 1821 e,
1228 1776 1278 1812 ad
1306 1776 1408 1812 hanc
1437 1787 1616 1813 caussam
1648 1776 1951 1813 examinandam
1973 1776 2228 1824 aggrederer.
2281 1777 2383 1825 Legi
2401 1788 2489 1814 ora-

321 1841 471 1879 tionem
499 1840 548 1879 de
573 1839 830 1887 haruspicum
875 1851 1063 1886 responso
1098 1838 1212 1886 quasi
1245 1851 1445 1886 nunquam
1481 1850 1567 1877 eam
1601 1843 1722 1878 antea
1747 1851 1912 1887 nossem,
1955 1842 2041 1878 tum
2080 1840 2133 1879 ad
2175 1838 2259 1879 alia
2286 1838 2490 1879 Ciceronis

318 1902 471 1951 scripta
500 1907 775 1951 transgressus
804 1900 1006 1940 orationes
1048 1901 1233 1950 deinceps
1276 1901 1359 1940 fere
1387 1913 1522 1940 omnes
1550 1901 1683 1940 studio
1712 1905 1838 1950 atque
1865 1901 2069 1941 industria
2095 1901 2262 1952 perlegi,
2304 1906 2350 1941 ut
2388 1902 2488 1941 mihi

317 1966 500 2006 intimam
526 1966 635 2005 illam
664 1977 751 2004 cum
772 1965 961 2004 Cicerone
990 1965 1310 2005 familiaritatem
1348 1977 1630 2014 compararem,
1667 1976 1785 2013 quam
1812 1964 2022 2017 Wolfius³)
2057 1977 2209 2006 summo
2234 1966 2327 2016 jure
2355 1966 2487 2015 requi·
2538 1969 2575 2021 8)

319 2030 376 2070 rit
404 2029 454 2070 iis
480 2029 757 2079 necessariam,
800 2028 868 2077 qui
898 2029 939 2069 in
966 2029 1040 2069 hac
1068 2040 1111 2069 re
1140 2029 1396 2080 dijudicanda
1426 2029 1579 2079 aliquid
1609 2029 1801 2079 proficere
1830 2029 1968 2069 velint.
2023 2030 2162 2079 Neque
2189 2029 2321 2069 minus
2349 2029 2488 2069 Mark-

317 2094 480 2133 landum
509 2098 669 2134 secutus
691 2105 715 2132 a
735 2094 939 2132 nonnullis
968 2093 1232 2141 orationibus,
1260 2094 1403 2141 quibus
1431 2106 1481 2133 ne
1510 2094 1715 2132 levissima
1734 2094 1893 2141 quidem
1912 2093 2087 2142 suspicio
2106 2094 2312 2143 adhaeret,
2340 2094 2488 2133 transii
2540 2098 2574 2150 ⁴)

316 2157 502 2204 protinus
530 2158 582 2196 ad
610 2162 789 2196 nostram
818 2157 1139 2205 percensendam,
1168 2162 1213 2196 ut
1239 2158 1535 2205 comparatione
1555 2157 1589 2196 si
1610 2157 1705 2204 quid
1726 2157 1942 2196 interesset
1959 2157 2069 2197 inter
2088 2161 2313 2207 utramque,
2337 2158 2488 2199 clarius

317 2221 502 2261 eluceret.
558 2220 818 2270 Nequaquam
846 2232 942 2259 vero
967 2219 1100 2271 justas
1128 2220 1424 2271 deprehendere
1451 2219 1564 2271 potui
1593 2231 1766 2270 caussas,
1809 2231 1881 2260 cur
1915 2218 2009 2260 huic
2034 2219 2210 2261 orationi
2238 2219 2355 2261 fidem
2374 2220 2487 2262 dero·

316 2295 464 2335 garem,
491 2285 559 2322 sed
585 2283 809 2330 sententiis,
837 2294 937 2330 quas
969 2284 1010 2321 in
1039 2289 1252 2332 utramque
1280 2289 1435 2332 partem
1464 2285 1719 2333 protulerunt
1746 2284 1825 2322 viri
1854 2284 1975 2331 docti,
2015 2289 2205 2322 accurate
2230 2289 2272 2322 et
2299 2285 2487 2333 religiose

317 2350 533 2397 perpensis,
552 2349 613 2387 ita
640 2352 686 2386 ut
713 2348 863 2386 nullam
879 2349 1065 2386 haberem
1095 2349 1297 2388 nominum
1319 2350 1382 2388 vel
1402 2349 1690 2388 auctoritatum
1718 2347 1928 2396 rationem,
1945 2348 2020 2387 hoc
2038 2347 2137 2387 mihi
2155 2360 2389 2396 persuasum
2407 2353 2486 2388 est:

319 2411 541 2451 orationem
578 2414 692 2459 quae·
707 2413 839 2450 exstet
867 2410 915 2449 de
943 2410 1198 2460 haruspicum
1226 2423 1413 2460 responso
1442 2423 1526 2451 esse
1556 2422 1698 2451 revera
1725 2410 1937 2450 Ciceronis.
1992 2409 2107 2460 Quod
2147 2414 2194 2450 ut
2226 2412 2487 2461 comprobem,

315 2487 413 2525 opus
440 2480 502 2515 est
528 2476 668 2514 docere
697 2474 885 2523 primum:
914 2475 1008 2513 ficta
1036 2487 1121 2513 esse
1149 2476 1292 2524 omnia,
1321 2488 1421 2524 quae
1441 2476 1610 2514 Wolfius
1637 2475 1801 2524 ejusque
1824 2473 1922 2513 socii
1951 2473 2202 2514 intenderint
2220 2475 2401 2524 crimina,
2428 2475 2485 2514 al·
2705 2463 2760 2529 ᾖ,

315 2544 456 2577 terum:
494 2539 627 2577 omnia
660 2542 899 2586 argumenta
936 2542 977 2576 et
1003 2550 1051 2576 ex
1080 2544 1262 2577 veterum
1291 2540 1531 2587 scriptorum
1561 2538 1802 2576 testimoniis
1831 2539 2000 2577 collecta
2036 2542 2079 2576 et
2106 2549 2155 2576 ex
2183 2538 2271 2585 ipsa
2302 2539 2486 2577 oratione
2740 2533 2744 2536 ⁴

315 2606 474 2652 sumpta
502 2614 573 2651 pro
603 2602 791 2642 Cicerone
817 2606 980 2642 auctore
1008 2613 1197 2652 pugnare.

443 2665 520 2705 Sed
548 2667 780 2715 priusquam
809 2666 860 2705 ad
887 2666 1179 2706 accusationem
1209 2666 1506 2715 infringendam
1535 2666 1853 2716 progrediamur,
1878 2666 1977 2715 ipsa,
2002 2665 2132 2714 qualis
2158 2665 2225 2715 sit,
2252 2666 2482 2705 accuratius

315 2729 553 2778 explicanda
590 2735 631 2770 et
666 2730 892 2770 definienda
928 2729 1100 2770 videtur.
1138 2732 1238 2770 Nam
1269 2731 1345 2770 etsi
1375 2730 1417 2769 in
1446 2731 1518 2770 hoc
1547 2742 1625 2770 uno
1655 2730 1913 2770 consentiunt
1940 2729 2180 2779 adversarii,
2208 2731 2313 2778 quod
2335 2730 2483 2770 oratio—

312 2803 403 2831 nem
432 2793 555 2841 illam,
595 2793 636 2832 in
677 2804 756 2841 qua
785 2796 922 2831 orator
951 2803 1142 2841 responsa
1171 2795 1364 2842 quaedam
1393 2794 1661 2841 haruspicum.
1690 2806 1714 2833 a
1741 2794 1877 2833 Clodio
1904 2793 1946 2832 in
1975 2793 2179 2832 Ciceronis
2207 2795 2363 2833 domum
2393 2805 2483 2833 con-

399 2931 423 2968 ¹)
449 2932 592 2961 Exhibita
620 2940 694 2962 vera
720 2933 860 2969 imagine
887 2933 1073 2969 universae,
1112 2934 1241 2968 qualem
1270 2933 1403 2962 Wolfius
1433 2936 1630 2970 exercuerit,
1662 2937 1742 2963 artis
1768 2936 1899 2963 criticae
1924 2935 2105 2972 Lahmeyer
2128 2940 2249 2964 certam
2274 2936 2305 2963 in
2330 2934 2389 2963 hoc
2412 2934 2482 2962 dis-

312 2985 462 3021 quirendi
486 2992 609 3021 genere
635 2986 717 3013 viam
742 2991 779 3012 ac
797 2985 956 3013 rationem
982 2986 1088 3021 docet,
1115 2991 1178 3022 qua
1202 2986 1349 3014 instituta
1375 2990 1407 3014 et
1430 2993 1512 3022 quae
1538 2992 1650 3015 contra
1672 2988 1901 3027 auctoritatem
1921 2992 2054 3016 nostrae
2077 2989 2237 3016 orationis
2259 2987 2387 3023 prolata
2416 2988 2483 3015 sint

311 3043 504 3075 argumenta
530 3042 563 3066 et
588 3045 670 3074 quae
696 3046 754 3074 pro
779 3038 851 3073 ejus
876 3038 937 3067 fide
962 3044 1107 3075 pugnent
1130 3041 1227 3075 piene
1253 3039 1465 3075 persecteque
1490 3040 1696 3075 ponderavit.

397 3088 422 3123 ²)
447 3093 478 3120 in
504 3092 586 3120 libro
612 3098 636 3121 s.
662 3091 745 3121 laud,
773 3091 877 3128 praef,
904 3091 983 3122 xiii.

392 3142 417 3177 ⁸)
442 3144 473 3171 in
501 3144 596 3172 libro.
616 3146 638 3174 Ξ.
663 3144 768 3180 praef.
795 3145 901 3174 XLiii.
948 3144 973 3179 ⁴)
999 3132 1155 3183 praessa
1182 3145 1255 3176 LIV.
2405 3146 2435 3178 1·

2015 3410 2105 3454 ..
2239 3321 2760 3454 ..W
