2760 3454
1248 255 1301 261 -
1354 231 1380 271 9
1435 257 1486 263 -
2694 239 2747 294 χ

282 350 408 390 facta.
439 346 519 387 Hic
545 358 642 386 vero
661 346 901 396 monendum
926 350 999 396 est,
1022 347 1128 396 quod
1147 347 1404 398 Drumannus
1430 347 1547 396 vidit,
1561 346 1705 386 Dionis
1737 346 1924 396 prodigia
1951 346 2051 385 talia
2072 346 2222 397 rideri,
2242 359 2347 396 quae
2364 359 2452 388 cum

279 417 417 454 terrae
441 413 557 451 motu
582 411 798 451 cohaerere
815 413 946 460 ‘atque
964 421 1054 451 eum
1080 410 1314 460 plerumque
1339 409 1451 460 sequi
1470 410 1640 450 soleant.
1687 408 1944 460 Quapropter
1963 413 2271 451 consentaneum
2290 410 2455 451 videtur

278 480 477 517 statuere:
523 474 692 513 Dionem
720 474 882 523 singula
908 477 1071 513 ostenta
1098 473 1141 512 in
1167 474 1238 514 1110
1267 478 1403 513 terrae
1441 477 1551 512 motu
1578 473 1700 522 edita,
1733 473 1844 511 nullo
1869 472 2022 523 judicio
2052 473 2245 523 adhibito,
2274 486 2348 524 pro
2377 486 2451 514 suo

275 539 391 581 >more
424 537 709 579 miraculorum
742 536 922 577 studioso
958 535 1167 590 aliquanto
1202 536 1332 576 fusius
1371 537 1603 586 tradidisse,
1640 536 1871 576 Ciceronem
1906 543 2012 575 ‘vero
2059 535 2159 576 illud
2184 549 2305 577 unum
2333 539 2451 578 modo
2705 565 2710 571 .
2754 577 2760 585 ¹,

281 602 479 652 attulisse,
521 601 636 651 quod,
672 604 719 640 ut
756 603 878 650 caput
912 600 1087 639 omnium
1116 600 1403 650 prodigiorum,
1444 600 1616 640 maxime
1653 603 1877 650 respectum
1926 603 2033 640 esset
2071 600 2123 640 ab
2163 600 2451 652 haruspicibus.
2736 543 2760 685 Ε

279 666 523 716 Neutiquam
537 677 633 705 vero
654 677 703 705 ex
717 666 792 704 hac
805 664 1050 704 dissensione
1069 664 1326 714 ignorantiae
1349 664 1605 716 opprobrium
1625 664 1667 703 in
1686 668 1868 703 nostrum
1887 662 2126 715 scriptorem
2145 663 2287 704 cadere
2307 669 2453 716 potest,
2724 705 2729 708 ,

281 732 427 781 quippe
446 730 514 778 qui
533 729 768 768 horribilem
787 732 939 767 motum
959 728 1001 767 in
1021 729 1168 767 Piceno
1188 740 1286 777 agro
1303 728 1518 767 Potentiae
1537 728 1687 767 factum
1707 728 1855 776 tradat,
1874 738 1990 775 quem
2010 727 2089 765 Dio
2107 738 2246 766 rursus
2265 728 2438 777 ignorat.
2744 738 2760 766 1

409 794 496 833 Ι6111
523 805 618 833 vero
648 792 817 831 Wolfius
842 803 915 841 pro
943 795 1052 830 certo
1080 792 1203 830 habet
1230 791 1437 830 falsarium
1467 803 1508 830 se
1542 792 1670 841 ipsum
1699 790 1952 840 apertissime
1977 790 2149 841 prodere
2176 791 2218 829 in
2246 803 2276 829 c.
2306 791 2450 830 XXIV

281 856 304 911 ξ
321 861 382 907 51,
410 856 478 896 ubi
494 855 698 895 immemor
727 858 768 895 et
782 853 859 894 loci
887 857 928 894 et
947 856 1140 906 temporis
1155 866 1352 905 nugarum
1375 866 1536 894 suarum
1557 857 1763 894 senatores
1782 854 1833 893 ad
1852 853 2060 904 legendam
2080 852 2209 893 Clodii
2230 854 2450 895 orationem

281 921 441 969 invitet,
476 920 591 968 quasi
619 920 741 958 talem
774 918 953 957 libellum
987 920 1124 967 paucis
1158 920 1296 958 diebus
1334 918 1586 967 interpositis
1622 929 1756 956 omnes
1791 918 1893 957 Sosii
1937 918 1979 956 in
2011 918 2206 957 columnis
2241 919 2451 959 venditare

280 984 498 1036 potuerint.
553 983 639 1021 Hoc
667 994 762 1022 vero
797 981 933 1030 inique
970 986 1092 1031 atque
1119 983 1277 1033 injuste.
1332 982 1433 1021 Nam
1474 986 1515 1021 et
1549 981 1637 1030 ipsa
1673 981 1893 1033 oratione¹)
1929 981 2037 1021 haud
2071 982 2239 1021 obscure
2273 981 2451 1024 indicare
2501 984 2531 1036 ¹)

280 1049 444 1089 videtur
470 1051 651 1087 nostrum
679 1049 878 1085 oratorem
907 1046 1130 1087 contionem
1159 1047 1269 1086 illam
1289 1046 1493 1097 scriptam,
1522 1045 1695 1085 fortasse
1714 1057 1737 1084 a
1756 1045 1913 1085 notario
1941 1048 2164 1096 exceptam,
2191 1045 2233 1085 in
2263 1047 2447 1088 manibus

280 1113 479 1161 habuisse,
507 1115 548 1151 et
574 1110 713 1160 quidni
738 1110 957 1150 verisimile
985 1112 1173 1151 ducamus
1202 1111 1383 1150 Clodium
1412 1109 1553 1161 ipsum,
1581 1121 1657 1157 (1110
1684 1111 1811 1161 maJus
1840 1109 2021 1149 Ciceroni
2049 1109 2183 1149 odium
2212 1110 2449 1158 concitaret,

281 1177 392 1216 illam
421 1176 641 1215 orationem
670 1175 862 1225 scriptam
888 1176 1158 1225 pervulgasse,
1185 1175 1225 1214 id
1254 1175 1357 1223 quod
1386 1178 1524 1224 postea
1552 1173 1773 1212 Antonium
1801 1173 1942 1213 fecisse
1966 1178 2106 1214 notum
2136 1173 2225 1213 est?

415 1238 597 1287 Denique
624 1251 700 1287 quo
726 1239 818 1288 jure
846 1238 1057 1278 Schiitzius
1084 1251 1132 1278 ex
1155 1239 1317 1278 monitis
1346 1238 1427 1277 illis
1456 1238 1712 1287 haruspicum
1741 1239 1939 1288 responsis
1967 1239 2196 1289 subjunctis
2226 1239 2449 1288 concludat,

283 1303 436 1354 scripta
479 1314 564 1342 esse
604 1314 805 1354 responsa,
847 1306 1056 1353 postquam
1095 1302 1303 1352 Augustus
1346 1300 1539 1352 principis
1583 1301 1740 1340 nomine
1774 1313 1855 1341 rem
1893 1301 2092 1353 publicam
2125 1302 2200 1341 sub
2238 1302 2447 1354 imperium

282 1366 490 1415 receperit,
515 1366 652 1404 videre
678 1378 757 1404 non
782 1378 951 1415 possum.
1004 1367 1114 1413 Nego
1143 1377 1205 1403 me
1224 1368 1340 1403 tanta
1366 1364 1616 1402 divinatione
1643 1376 1727 1402 esse
1756 1365 1993 1414 praeditum,
2017 1369 2064 1404 ut
2091 1377 2139 1403 ex
2169 1377 2247 1403 uno
2274 1360 2447 1416 simplici

283 1428 476 1469 vocabulo
502 1428 701 1480 „imperii“
730 1429 872 1478 omnia,
901 1441 1002 1478 quae
1027 1428 1194 1479 cupiam,
1221 1427 1363 1467 elicere
1391 1427 1548 1478 possim.

412 1493 506 1530 Jam
534 1492 815 1540 intellegimus,
850 1492 945 1539 quid
972 1492 1137 1530 valeant
1166 1491 1236 1529 illa
1264 1495 1427 1541 peccata
1456 1490 1644 1528 Cicerone
1673 1490 1958 1538 indignissima,
1986 1501 2090 1538 quae
2119 1490 2161 1529 111
2189 1483 2328 1530 nostra
2357 1502 2444 1530 ora·

283 1555 394 1593 tione
420 1558 562 1593 contra
589 1554 704 1593 fidem
737 1554 969 1593 historicam
999 1554 1206 1593 commissa
1241 1566 1325 1592 esse
1353 1554 1645 1592 contenderunt
1679 1557 1941 1591 accusatores.
1997 1553 2160 1592 Summa
2188 1558 2346 1592 tantum
2376 1555 2443 1592 ad-

282 1617 414 1656 hibita
442 1617 483 1655 vi
511 1617 553 1656 in
579 1629 690 1656 suam
718 1629 801 1656 rem
830 1622 1064 1657 convertere
1118 1621 1239 1665 atque
1267 1616 1530 1667 interpretari
1569 1620 1784 1666 potuerunt
1820 1616 1909 1654 illos
1945 1616 2062 1665 locos,
2100 1616 2170 1664 qui
2211 1628 2261 1655 ne
2289 1617 2442 1656 levissi-

282 1692 386 1720 mam
416 1679 574 1729 quidem
603 1679 894 1721 dubitationem
922 1680 1150 1731 admittent,
1177 1680 1384 1720 dummodo
1422 1691 1487 1719 eos
1523 1678 1693 1731 simplici
1721 1684 1758 1719 et
1789 1678 2021 1730 incorrupto
2048 1677 2182 1718 animo
2210 1679 2441 1720 examinare

281 1746 394 1784 velis.
447 1746 637 1794 Sequitur
663 1757 768 1794 ergo,
793 1750 839 1784 ut
867 1746 1079 1785 videndum
1105 1746 1171 1794 sit,
1198 1757 1290 1785 num
1311 1745 1407 1793 quid
1436 1745 1517 1783 illis
1548 1745 1796 1793 argumentis
1815 1744 2064 1795 profecerint
2082 1744 2319 1793 adversarii,
2339 1756 2443 1793 quae

281 1810 332 1847 ad
358 1821 577 1848 sermonem
604 1809 796 1847 Latinum
824 1810 1073 1858 maximeque
1099 1810 1328 1848 Tullianum
1362 1808 1604 1859 pertineant.
1667 1809 1751 1857 Quo
1788 1808 1829 1846 111
1855 1820 2003 1857 genere
2044 1820 2148 1856 quae
2177 1809 2348 1847 crimina
2377 1810 2436 1848 in-

281 1872 487 1912 tenderint
512 1867 682 1912 Wolfius
711 1876 751 1911 et
781 1873 1056 1921 Marklandus,
1083 1885 1170 1912 cum
1194 1872 1431 1922 jampridem
1461 1884 1485 1910 a
1514 1872 1722 1919 Gessnero,
1752 1871 1961 1919 Klotzioffi,
1999 1870 2250 1919 maximeque
2286 1884 2309 1911 a
2339 1872 2442 1911 Lah-
2491 1877 2530 1925 2)

284 1936 480 1987 1116516103)
509 1935 592 1975 31111
620 1935 751 1975 (1111116
778 1938 900 1985 atque
928 1935 987 1975 ita
1012 1936 1236 1987 profligata,
1266 1941 1312 1976 ut
1340 1936 1453 1976 nulla
1478 1935 1648 1985 amplius
1687 1938 1830 1984 egeant
1857 1933 2100 1985 defensione,
2136 1939 2277 1984 restat,
2311 1940 2357 1975 ut
2395 1936 2444 1975 de
2492 1940 2523 1992 3)

281 2000 331 2038 113
360 2000 609 2049 1101133111111111
638 2000 831 2037 disseram
861 2000 1053 2049 eJusmodi
1083 2000 1341 2048 argumentis.
1370 2012 1472 2047 quae
1500 1999 1687 2038 conflavit
1710 1999 2062 2037 Meerdervortius.

410 2062 518 2102 Satis
555 2067 616 2103 631
651 2062 749 2102 1111111
785 2063 859 2102 1106
891 2063 975 2103 1060
1010 2063 1145 2112 paucis
1183 2066 1339 2102 tautum
1375 2063 1509 2102 verbis
1545 2063 1755 2102 universae
1790 2061 1892 2101 artis
1933 2061 2111 2111 criticae,
2152 2075 2231 2111 qua
2261 2062 2321 2102 usi
2349 2068 2443 2103 sunt
2490 2066 2523 2113 s)

280 2126 449 2165 Wolfius
478 2127 640 2177 ejusque
667 2126 763 2165 socii
790 2126 831 2164 in
860 2127 1080 2165 accusando
1108 2139 1288 2166 sermone
1314 2131 1476 2166 nostrae
1505 2126 1709 2174 orationis,
1748 2125 1960 2174 imaginem
1997 2126 2250 2165 adumbrare.
2307 2127 2444 2176 Atque

278 2202 366 2228 cum
395 2190 635 2238 principium
663 2201 817 2237 semper
835 2190 1016 2227 habitum
1037 2195 1142 2228 esset
1169 2190 1210 2228 in
1230 2191 1304 2228 tali
1334 2191 1566 2238 quaestione
1595 2190 1655 2227 uti
1675 2189 1975 2237 'exemplaribus
2001 2189 2241 2238 optimorum
2265 2191 2442 2229 codicum

277 2253 427 2294 auxilio
455 2253 697 2303 comparatis
725 2257 766 2293 61
793 2253 1139 2303 emendatissimis,
1165 2256 1238 2295 hoc
1266 2255 1488 2295 certissimo
1524 2255 1780 2295 fundamento
1818 2257 1930 2293 caret
1957 2253 2096 2294 Wolfii
2132 2255 2443 2303 argumentatio.

272 2317 375 2356 Nam
413 2317 489 2356 etsi
522 2317 606 2366 ipse
638 2316 861 2367 profitetur,
893 2328 978 2357 3636
1015 2329 1255 2367 magnopere
1282 2319 1517 2368 elaborasse,
1552 2322 1597 2357 ut
1623 2320 1852 2357 contextum
1882 2316 1960 2356 sibi
1994 2316 2262 2357 constitueret
2298 2330 2440 2368 purum
2495 2327 2528 2380 ⁵)

276 2386 398 2430 atque
425 2382 638 2430 integrum,
666 2385 799 2419 tamen
828 2381 958 2419 defuit
987 2383 1219 2429 praeclarus
1247 2383 1316 2421 ille
1350 2385 1471 2422 codex
1501 2383 1721 2429 Parisinus,
1763 2393 1839 2429 quo
1873 2381 2022 2419 collato
2050 2382 2101 2419 ab
2129 2381 2290 2420 Halmio
2319 2388 2442 2431 atque
2488 2390 2521 2441 ⁶)

276 2445 492 2495 diligenter
521 2458 683 2485 excusso
712 2444 914 2494 cognitum
941 2448 1020 2493 est,
1057 2451 1310 2486 accusatores
1329 2447 1559 2495 saepissime
1579 2444 1833 2484 librariorum
1853 2444 1958 2483 vitia
1977 2448 2019 2484 et
2038 2444 2216 2484 maculas
2237 2445 2440 2495 frequenti
2494 2452 2525 2502 τ)
2677 2482 2681 2485 .

274 2520 350 2549 usu
378 2520 562 2559 aspersas
587 2513 789 2558 tamquam
817 2508 992 2548 auctoris
1021 2513 1185 2558 peccata
1213 2522 1389 2551 vexasse.
1445 2509 1530 2560 Quo
1560 2508 1709 2548 factum
1738 2512 1810 2557 est,
1853 2511 1899 2547 ut
1934 2507 2087 2547 multae
2121 2507 2355 2558 locutiones,
2398 2509 2439 2549 in
2695 2491 2760 2566 Ἴ

361 2689 386 2725 ¹)
411 2699 437 2722 c.
464 2691 514 2730 iv,
538 2689 558 2728 §
583 2691 611 2723 8.
637 2691 821 2721 contionem
846 2689 968 2729 hahuit,
994 2698 1075 2728 quae
1100 2695 1150 2721 est
1174 2691 1216 2722 ad
1239 2700 1288 2721 me
1315 2698 1382 2722 tota
1408 2692 1526 2722 delata.

360 2744 385 2777 ²)
410 2746 516 2781 Kiotz‚
542 2747 573 2771 in
598 2744 829 2771 commentario
854 2744 893 2770 ad
917 2748 1060 2771 nostram
1085 2746 1275 2772 orationem.

360 2796 384 2832 ³)
411 2799 590 2834 Lahmeyer
613 2797 645 2825 111
670 2796 689 2824 Ι.
715 2796 735 2828 1.
760 2803 788 2832 11,
815 2796 951 2826 46-50.

360 2850 385 2883 ⁴)
409 2851 450 2880 cf.
476 2851 629 2886 Gessner,
655 2848 792 2885 praefat.
817 2856 846 2883 p.
872 2849 932 2878 XC.
957 2856 1046 2885 sequ.
1072 2851 1251 2886 Lahmeyer
1276 2859 1303 2887 p.
1328 2851 1471 2880 x—XXi.

357 2902 384 2929 ⁵»
413 2903 507 2934 Wolf.
532 2903 636 2939 praef.
660 2911 688 2938 p.
713 2901 803 2931 xxu.
851 2901 875 2936 6)
900 2904 931 2932 in
956 2903 1059 2932 altera
1085 2904 1133 2932 ed.
1159 2904 1261 2936 Cicer,
1287 2904 1384 2934 Oreii.
1410 2905 1448 2939 ii,
1472 2907 1491 2933 2
1517 2904 1620 2940 praef.
1648 2905 1697 2934 ix.

357 2956 382 2989 ⁷)
408 2966 435 2987 e.
460 2964 505 2991 gr.
530 2964 556 2984 c.
582 2956 646 2984 Viii
672 2964 701 2992 p.
727 2957 775 2984 17.
801 2955 936 2984 wolfius
961 2956 1108 2992 legebat:
1138 2964 1231 2992 quem
1256 2958 1388 2994 ajebant
1412 2957 1501 2986 ferre
1526 2965 1576 2986 1116
1601 2965 1699 2993 110336
1725 2965 1828 2986 nunc:
1860 2957 1940 2986 ferri
1966 2964 2016 2985 me
2042 2973 2075 2979 -
2096 2963 2122 2985 c.
2139 2955 2208 2988 xii.
2225 2956 2244 2984 2
2261 2959 2357 2984 antea
2383 2955 2434 2984 ie-

270 3010 431 3046 gebatur:
455 3011 486 3037 in
511 3010 650 3038 niteram
677 3015 827 3036 scaenam
853 3009 1041 3045 immissam,
1075 3009 1168 3037 hodie
1193 3012 1377 3038 restitutum
1404 3014 1477 3036 est:
1505 3010 1535 3036 in
1562 3010 1699 3038 aiteram
1725 3017 1858 3038 caveam
1895 3010 2052 3045 Apparuit
2080 3010 2177 3037 etiam
2202 3009 2336 3036 lacunas
2361 3015 2435 3035 esse

270 3069 297 3089 c.
321 3061 402 3099 ΧΙΙΙ,
428 3061 447 3097 §
471 3063 519 3091 29.
545 3062 684 3090 aiterum
710 3059 830 3096 putabo
855 3067 968 3096 regem
1004 3064 1124 3101 etc.‚et
1149 3069 1174 3091 c.
1193 3061 1285 3098 xvii,
1315 3061 1335 3097 §
1360 3063 1410 3090 36.
1435 3065 1467 3090 61
1491 3066 1521 3090 te
1547 3063 1650 3098 ipsum
1677 3066 1798 3100 tamen,
1826 3063 1880 3091 ubi
1904 3068 2036 3090 sensum
2063 3061 2181 3089 misere
2207 3059 2432 3097 perturbatum

270 3118 470 3142 vexaverunt
495 3116 703 3150 interpretes.
751 3112 840 3147 Quae
864 3121 934 3141 cum
959 3115 1002 3142 ita
1028 3115 1105 3150 sint,
1130 3116 1307 3144 mirandum
1334 3119 1394 3150 est,
1421 3115 1505 3150 quod
1532 3115 1659 3150 Kayser
1682 3117 1902 3145 mihilominus
1927 3116 1958 3144 in
1983 3121 2042 3142 sua
2066 3114 2219 3150 opinione
2244 3116 2437 3148 perseverat

270 3171 304 3195 et
327 3169 516 3204 neutiquam
542 3175 576 3196 se
604 3167 751 3196 Ciceroni
775 3166 935 3204 gratuiari
960 3173 1069 3204 posse,
1095 3169 1152 3204 ait,
1176 3168 1215 3197 de
1240 3170 1443 3206 recuperatis
1469 3170 1673 3199 orationibus
1698 3174 1771 3206 post
1794 3170 1932 3199 reditum
1956 3168 2085 3200 habitis.
2750 3202 2753 3205 s
