2760 3454
1311 233 1549 270 -8-

344 351 431 388 tum
465 358 572 397 esse.
600 369 653 377 —-
687 347 886 397 pluralem
926 359 1024 388 vero
1063 359 1271 388 numerum
1315 347 1552 397 ‚,resp0nsa“
1584 356 1804 396 occurrere,
1830 344 1900 385 ubi
1926 345 2112 397 singulae
2138 351 2276 397 partes
2304 348 2416 391 illins
2451 364 2512 392 re-

344 410 482 460 sponsi
499 414 834 463 percenserentur
853 415 976 460 atque
994 411 1102 451 inter
1120 423 1163 451 se
1182 413 1489 459 opponerentur.
1545 410 1812 459 Quamobrem
1839 419 1927 448 cum
1961 410 2011 449 de
2045 421 2199 451 summa
2224 412 2359 461 potius
2385 414 2512 454 totius

345 473 526 523 responsi
559 474 821 523 universique
855 475 940 524 ejus
974 475 1016 514 vi
1051 473 1231 514 Ciceroni
1267 473 1476 512 dicendum
1514 476 1631 521 esset,
1666 472 1864 521 aptiorem
1896 476 2023 521 atque
2061 474 2161 513 adeo
2195 476 2322 515 solum
2358 480 2511 516 rectum

345 549 432 578 esse
451 536 723 578 Asconianum
750 536 946 577 orationis
973 540 1136 577 nostrae
1155 536 1318 576 titulum
1339 548 1544 586 apparere.
1573 536 1633 576 Ac
1660 546 1756 575 sane
1781 534 1941 584 quidem
1968 535 2039 576 vix
2064 536 2228 578 dubium
2256 550 2342 579 esse
2368 543 2513 597 potest,

344 601 442 650 quin
470 613 560 640 cum
587 601 637 640 de
663 613 741 640 uno
767 601 875 639 facto
904 601 1174 649 prodigiorum
1204 600 1374 638 relatum
1405 604 1510 638 esset
1538 600 1588 638 ad
1616 598 1858 655 haruspiceS,
1885 610 2008 638 unum
2036 611 2192 648 quoque
2210 612 2442 650 responsum
2460 604 2511 642 ad

345 663 458 704 illam
487 675 572 704 rem
600 663 808 713 pertinens
837 662 1008 702 tulerint
1027 662 1208 703 Romani.
1236 674 1313 701 non
1334 662 1494 702 diversa
1522 675 1722 712 responsa.
1777 662 1902 701 Immo
1930 662 1964 701 si
1989 661 2154 702 titulum
2182 664 2408 713 antiquitus
2428 669 2510 705 tra-

344 727 475 767 ditum
495 726 674 767 retinere
693 726 901 768 malumus.
920 726 1140 775 periculum
1163 728 1236 774 est,
1262 737 1311 765 ne
1333 726 1374 765 in
1396 730 1534 766 nostra
1554 726 1737 766 oratione
1764 736 1842 766 non
1871 729 1954 765 tam
1982 724 2083 764 illud
2111 728 2249 766 notum
2269 738 2513 778 responsum,

345 802 465 840 quam
500 791 659 830 omnino
692 801 819 840 genus
846 789 1038 840 ejusmodi
1069 789 1370 838 responsionum
1399 790 1570 829 tractari
1600 789 1796 829 videatur.
1842 789 2089 839 Responsum
2123 801 2219 829 vero
2254 791 2295 830 in
2323 803 2513 841 responsa

344 855 465 894 facile
492 855 671 903 potuisse
698 853 849 892 mutari
877 865 901 891 a
929 853 1121 892 librariis.
1151 855 1218 901 qui
1239 855 1459 901 complures
1486 865 1550 892 res
1578 854 1638 892 illi
1666 853 1735 892 uni
1764 864 1952 901 responso
1972 852 2207 900 subjunctas
2227 854 2512 904 conspicerent,

345 917 436 966 quis
460 921 522 957 est
557 916 654 965 quin
690 915 909 955 concedat?
965 915 1077 965 Quae
1113 929 1200 955 611111
1236 917 1296 955 ita
1329 917 1421 964 sint,
1454 928 1532 955 non
1570 927 1708 955 errare
1736 915 1850 954 nobis
1877 915 2070 963 videmur,
2098 915 2133 954 si
2161 916 2307 956 omissa
2333 918 2510 957 codicum

344 980 592 1020 auctoritate
629 981 792 1018 nostrae
820 978 996 1017 orationi
1026 979 1189 1019 Asconii
1219 979 1382 1018 titulum
1412 979 1684 1019 restituamus.

476 1043 672 1093 Quoniam
701 1042 829 1090 igitur
857 1042 1074 1091 docuimus,
1112 1044 1362 1092 argumentis
1401 1055 1503 1091 quae
1531 1054 1578 1081 ex
1616 1047 1802 1082 veterum
1840 1041 2004 1091 scriptis
2041 1042 2260 1081 attulerint
2289 1043 2369 1081 viri
2404 1044 2512 1083 docti

342 1106 445 1147 nihil
475 1107 616 1155 inesse,
642 1106 747 1155 quod
772 1107 936 1145 nostrae
963 1106 1137 1146 orationi
1165 1107 1281 1147 fidem
1308 1108 1501 1156 derogare
1540 1106 1678 1157 possit,
1713 1118 1829 1155 nunc,
1855 1109 2049 1154 quantum
2087 1104 2137 1145 iis
2163 1105 2419 1145 tribuendum
2447 1107 2513 1156 sit,

343 1170 562 1219 videamus,
598 1181 700 1219 quae
734 1180 782 1208 ex
818 1169 906 1218 ipsa
946 1170 1128 1209 oratione
1155 1175 1357 1221 petantur.
1413 1170 1590 1221 Quorum
1624 1170 1783 1219 quidem
1811 1181 1899 1210 611111
1933 1169 2010 1208 (1110
2039 1168 2220 1209 maxime·
2238 1169 2321 1209 sint
2353 1181 2512 1220 genera,

342 1235 515 1274 alterum
545 1235 596 1273 ad
624 1245 699 1282 res,
728 1233 901 1272 alterum
930 1234 980 1273 ad
1006 1246 1226 1273 sermonem
1255 1234 1534 1285 spectantium,
1554 1236 1604 1274 ab
1626 1234 1707 1274 illis
1729 1234 1980 1285 incipiamus,
2009 1244 2112 1282 quae
2132 1233 2250 1283 longe
2268 1233 2509 1283 gravissima

342 1310 499 1350 semper
526 1298 614 1337 visa
642 1301 747 1337 sunt.
1344 1297 1347 1299 ’

472 1363 532 1402 Α6
560 1362 732 1411 primum
763 1361 921 1410 quidem
942 1362 981 1400 111
1012 1374 1056 1400 60
1084 1361 1292 1401 falsarium
1320 1362 1554 1412 posterioris
1583 1363 1732 1402 aetatis
1759 1374 1845 1401 sese
1865 1360 2175 1411 deprehendisse
2202 1363 2352 1409 putant
2371 1362 2508 1401 Mark-

342 1425 487 1465 landus
514 1429 555 1464 et
583 1425 766 1473 Wolfius,
794 1425 897 1473 quod
927 1425 967 1464 111
996 1436 1026 1463 6.
1055 1425 1131 1466 ΙΙΙ.
1160 1425 1182 1476 ξ
1211 1428 1232 1462 6
1263 1430 1424 1464 nostrae
1454 1426 1649 1466 orationis
1678 1425 1842 1466 Clodius
1870 1423 2020 1464 dicitur
2049 1423 2197 1463 devota
2222 1427 2264 1463 et
2288 1424 2512 1465 constituta

341 1489 477 1527 hostia
503 1489 718 1539 Milonis').
773 1490 873 1527 Nam
902 1500 988 1526 611111
1017 1488 1196 1526 Clodium
1227 1495 1398 1535 quatuor
1423 1490 1539 1528 aunis
1570 1494 1660 1539 post
1688 1490 1788 1528 illud
1818 1493 1986 1538 tempus,
2027 1488 2078 1525 ad
2106 1487 2211 1533 quod
2244 1490 2384 1525 nostra
2410 1489 2509 1527 refe-

341 1551 468 1590 renda
495 1550 551 1590 sit
592 1550 734 1600 oratio,
764 1551 825 1590 int
837 1551 1034 1590 erfectum
1083 1563 1167 1589 esse
1204 1563 1227 1589 a
1259 1551 1407 1590 Milone
1446 1558 1660 1602 constaret,
1689 1552 1868 1592 Ciceroni
1906 1563 1984 1591 non
2021 1562 2136 1601 posse
2170 1548 2363 1599 imputari
2412 1552 2513 1591 talia

340 1615 467 1652 verba
493 1618 739 1660 statuerunt,
767 1614 845 1651 nisi
874 1615 980 1652 forte
1008 1625 1094 1652 eum
1135 1615 1302 1652 stultum
1327 1615 1389 1652 vel
1423 1615 1613 1654 cerritum
1648 1616 1846 1654 hominem
1875 1615 2126 1660 haberemus,
2163 1611 2309 1662 quippe
2336 1613 2404 1661 qui
2432 1625 2511 1653 11011

340 1679 554 1715 vereretur
582 1676 741 1726 publice
758 1677 900 1725 eloqui,
928 1688 1029 1725 quae
1055 1676 1197 1715 intimo
1227 1682 1389 1726 pectore
1416 1683 1590 1727 cuperet.
1646 1679 1796 1717 Contra
1823 1677 1950 1715 multo
1982 1687 2066 1715 esse
2095 1675 2355 1714 verisimilius
2383 1677 2511 1715 decla-

340 1742 535 1778 matorem
566 1740 802 1790 posterioris
829 1739 989 1787 aetatis,
1018 1739 1192 1789 partium
1223 1752 1322 1788 quas
1350 1741 1569 1791 susceperit
1607 1748 1646 1780 et
1675 1746 1897 1791 temporum
1928 1739 2109 1784 oblitum,
2145 1750 2220 1787 res,
2255 1750 2353 1786 quas
2382 1739 2511 1780 factas

338 1806 488 1851 nosset,
514 1803 646 1843 alieno
675 1803 762 1844 loco
792 1808 831 1843 et
860 1807 1038 1854 tempore
1059 1813 1397 1843 commemorasse.
1453 1803 1529 1844 Sed
1562 1805 1713 1844 nullam
1750 1803 2014 1855 suspicionem
2052 1813 2211 1842 movere
2240 1806 2406 1853 possunt
2441 1803 2512 1843 illa

338 1867 476 1916 verba,
502 1867 711 1907 dummodo
742 1872 957 1916 teneamus,
986 1868 1059 1906 hoc
1088 1868 1176 1905 1060
1205 1868 1254 1906 (16
1276 1868 1414 1907 Clodio
1434 1870 1655 1908 accusando
1678 1870 1755 1918 agi,
1786 1869 1826 1907 id
1848 1869 1961 1916 quod
1984 1878 2088 1907 voce.
2117 1868 2312 1916 persequi,
2338 1890 2380 1895 —
2399 1880 2512 1908 accu-

338 1941 429 1968 sare
456 1954 507 1958 -—
535 1942 602 1969 reo
636 1956 682 1961 —
712 1932 813 1970 satis
842 1932 1162 1970 demonstratur:
1203 1943 1440 1979 quamquam
1471 1932 1651 1980 equidem
1680 1946 1758 1971 non
1787 1931 2038 1981 negaverim,
2077 1932 2238 1970 subesse
2267 1931 2348 1969 illis
2377 1933 2511 1972 verbis

338 1994 492 2043 aliquid
521 1995 726 2044 ejusmodi,
754 1996 860 2044 quod
887 1995 1011 2035 tacite
1037 1995 1194 2034 caedem
1223 1994 1407 2043 minetur,
1434 1996 1538 2043 quod
1565 2008 1681 2044 quam
1717 2009 1797 2036 non
1831 1997 2052 2035 abhorreat
2096 2008 2121 2034 a
2147 1994 2351 2034 Ciceronis
2380 1996 2511 2034 animo

338 2060 379 2096 et
407 2061 567 2108 natura,
594 2058 830 2098 documento
861 2064 923 2099 est
950 2059 1121 2111 epistola
1151 2058 1222 2097 illa
1251 2059 1300 2097 ad
1328 2058 1508 2098 Atticum
1538 2059 1689 2111 scripta
1717 2060 1805 2112 (IV,
1826 2064 1860 2110 3,
1883 2060 1923 2112 5)
1952 2060 1994 2100 in
2025 2070 2105 2109 qua
2133 2058 2272 2099 videre
2298 2069 2340 2098 se
2369 2070 2421 2108 se,
2442 2059 2512 2110 ait,

340 2122 522 2161 Clodium
551 2134 575 2160 a
605 2123 757 2162 Milone
787 2125 956 2163 occisum
989 2124 1050 2162 iri.

470 2184 627 2224 Deinde
656 2186 697 2226 in
726 2198 771 2226 eo
798 2187 985 2237 graviter
1014 2186 1178 2226 offendit
1209 2186 1474 2226 Marklandus
1505 2187 1609 2235 quod
1637 2199 1667 2227 6.
1696 2187 1754 2226 VI
1782 2187 1804 2238 ξ
1836 2191 1886 2227 24
1915 2187 2064 2227 Lucius
2086 2186 2276 2226 Claudius
2303 2187 2510 2237 perhibea-

336 2253 405 2287 tur
432 2260 503 2287 rex
532 2260 599 2287 sac
618 2259 767 2289 rorum.
820 2252 920 2290 Nam
951 2262 1037 2289 cum
1068 2254 1236 2289 constet.
1271 2251 1320 2288 ad
1348 2250 1459 2288 illum
1495 2251 1684 2289 honorem
1713 2251 1891 2290 homines
1926 2250 2053 2290 nobili
2086 2250 2173 2289 loco
2207 2253 2325 2289 natos
2354 2254 2515 2290 tantumv

335 2312 516 2361 potuisse
542 2313 735 2361 aspirare,
762 2327 786 2352 a
807 2315 984 2352 Claudiis
1014 2314 1198 2364 patriciis
1219 2314 1332 2351 Lucii
1362 2326 1603 2363 praenomen
1633 2315 1862 2352 abdicatum
1895 2326 1984 2352 esse
2010 2313 2226 2352 Suetonius
2255 2319 2405 2363 narret,
2432 2314 2509 2352 sibi

334 2376 552 2428 persuadet
580 2375 646 2416 vir
672 2380 825 2428 acutus,
854 2382 1033 2419 nostram
1064 2377 1288 2418 orationem
1334 2378 1384 2417 ab
1421 2376 1579 2417 homine
1615 2390 1746 2418 rerum
1786 2379 2063 2419 Romanarum
2094 2376 2394 2427 imperitissimo
2425 2389 2509 2417 esse

335 2439 570 2490 profectam.
626 2439 703 2479 Sed
732 2442 992 2481 vehementer
1021 2441 1175 2484 dubito,
1213 2452 1306 2479 num
1335 2440 1393 2479 rei
1432 2446 1510 2479 tam
1552 2441 1632 2480 levi
1664 2441 1846 2481 addenda
1883 2442 1939 2481 sit
1979 2444 2097 2480 tanta
2132 2440 2206 2490 viS,
2235 2439 2432 2489 quoniam,
2464 2444 2510 2479 ut

328 2504 413 2552 jam
442 2503 667 2543 Gessnerus
701 2511 847 2554 monet,
883 2507 1025 2545 littera
1054 2506 1098 2543 L.
1136 2505 1254 2543 facile
1289 2505 1489 2554 corrumpi
1528 2505 1662 2554 potuit
1706 2518 1753 2544 ex
1799 2506 1828 2544 C
1863 2505 2042 2556 (Gaius),
2069 2505 2104 2543 si
2143 2504 2301 2552 quidem
2337 2504 2408 2542 illa
2442 2505 2508 2542 lex

335 2578 478 2617 reapse
504 2570 586 2607 tam
616 2567 804 2617 religiose
833 2571 1048 2610 observata
1085 2573 1157 2614 est,
1192 2581 1238 2607 ac
1274 2580 1354 2607 non
1389 2568 1524 2619 potius
1559 2570 1815 2608 statuendum
1843 2573 1923 2608 est:
1953 2569 2034 2608 illis
2063 2567 2308 2618 reipublicae
2337 2568 2421 2616 J'am
2456 2568 2508 2606 ad

333 2630 450 2669 finem
481 2630 636 2669 ruentis
666 2633 916 2684 temporibus
937 2633 1097 2674 licuisse
1117 2634 1272 2684 plebejo
1297 2643 1454 2682 (1110(1116
1483 2632 1633 2672 1101111111
1655 2632 1870 2672 ascendere
1890 2633 1948 2672 ad'
1961 2642 2104 2672 munus
2125 2629 2233 2680 regis
2265 2629 2490 2670 sacrificuli.

461 2690 591 2733 Porro
621 2695 655 2734 si
681 2696 732 2735 ad
761 2709 791 2736 c.
821 2698 935 2746 XVI,
964 2698 986 2748 ξ
1016 2702 1076 2736 35.
1115 2698 1286 2735 adnotat
1314 2697 1579 2734 Marklandus
1606 2709 1686 2736 non
1722 2709 1764 2735 se
1802 2697 1931 2747 ipsnm
1965 2697 2252 2746 imperatorem
2282 2694 2505 2743 appellasse

330 2756 531 2805 Pisonem,
558 2759 632 2797 sed
662 2771 686 2797 a
714 2760 940 2808 legionibus
970 2763 1043 2800 hoc
1064 2773 1206 2800 nomen
1226 2761 1414 2809 adeptum
1444 2771 1528 2798 esse
1559 2772 1606 2798 ex
1635 2772 1755 2807 more,
1784 2759 1934 2808 fugisse
1965 2771 2053 2799 eum
2068 2761 2249 2808 apparet,
2279 2757 2350 2794 illa
2380 2756 2504 2794 verba

328 2832 401 2872 per
428 2819 648 2862 ludibrium
675 2835 762 2864 esse
795 2824 915 2866 dicta.
997 2824 1159 2865 Scilicet
1195 2823 1452 2875 imperatoris
1488 2837 1651 2873 nomen,
1690 2825 1795 2873 quod
1834 2825 2061 2874 legionibus
2101 2820 2382 2871 flagitantibus
2425 2819 2503 2858 sibi

329 2889 597 2933 arrogaverat
626 2886 732 2937 Piso,
760 2899 786 2927 a
812 2893 955 2929 senatu
984 2899 1064 2928 11011
1094 2888 1393 2938 comprobatum
1424 2890 1495 2926 est.

458 2949 559 2987 Tum
588 2949 630 2988 in
660 2962 705 2989 eo
731 2953 950 2993 haeserunt
978 2953 1057 2991 viri
1086 2952 1205 2997 docti,
1234 2953 1335 2999 quod
1367 2952 1565 2989 innostra
1597 2952 1779 2990 oratione
1808 2952 1856 2989 de
1883 2956 2018 2989 terrae
2038 2955 2148 2988 motu
2169 2951 2331 2986 tantum
2348 2949 2504 2993 agatur.

319 3023 448 3061 quum
479 3011 641 3056 Cassius
671 3014 748 3054 Dio
778 3016 979 3059 XXXIX,
1017 3020 1066 3055 20
1106 3020 1316 3064 praeterea
1361 3014 1485 3053 multa
1533 3014 1615 3054 alia.
1653 3020 1935 3055 commemoret
1951 3019 2126 3066 ssstmita
2156 3012 2296 3051 eodem
2327 3013 2507 3056 tempffl'e

414 3130 439 3168 ¹)
463 3132 503 3160 cf.
529 3132 717 3166 Lahmeyer
741 3131 771 3157 in
798 3129 816 3157 l,
844 3129 864 3156 1.
891 3137 918 3164 p,
944 3128 995 3156 ³¹.

412 3182 444 3219 ¹)
468 3183 510 3215 cf,
536 3183 721 3218 Lahmeyer
746 3188 821 3219 pag.
846 3180 895 3209 ³¹.

2560 1500 2591 1551 ¹)

2562 2065 2595 2118 ²)

2686 3058 2760 3087 xva
