<?xml version="1.0" encoding="UTF-8"?>
<!DOCTYPE html PUBLIC "-//W3C//DTD XHTML 1.0 Transitional//EN"
    "http://www.w3.org/TR/xhtml1/DTD/xhtml1-transitional.dtd">
<html xmlns="http://www.w3.org/1999/xhtml" xml:lang="en" lang="en">
 <head>
  <title>
</title>
<meta http-equiv="Content-Type" content="text/html;charset=utf-8" />
  <meta name='ocr-system' content='tesseract 3.04.00' />
  <meta name='ocr-capabilities' content='ocr_page ocr_carea ocr_par ocr_line ocrx_word'/>
</head>
<body>
  <div class='ocr_page' id='page_1' title='image "./4769622_0023.png"; bbox 0 0 2760 3454; ppageno 0'>
   <div class='ocr_carea' id='block_1_1' title="bbox 2593 0 2760 247">
    <p class='ocr_par' dir='ltr' id='par_1_1' title="bbox 1233 0 2760 247">
     <span class='ocr_line' id='line_1_1' title="bbox 2593 0 2760 247; baseline 0.001 -0.109"><span class='ocrx_word' id='word_1_1' title='bbox 2593 0 2760 247; x_wconf 55' lang='lat'>1</span> 
     </span>
    </p>
   </div>
   <div class='ocr_carea' id='block_1_2' title="bbox 0 297 2760 2987">
    <p class='ocr_par' dir='ltr' id='par_1_2' title="bbox 0 297 2755 1441">
     <span class='ocr_line' id='line_1_2' title="bbox 0 297 2448 429; baseline -0.002 -64"><span class='ocrx_word' id='word_1_2' title='bbox 0 297 28 429; x_wconf 58' lang='lat' dir='ltr'><strong>f)</strong></span> <span class='ocrx_word' id='word_1_3' title='bbox 280 336 399 365; x_wconf 84' lang='lat' dir='ltr'><strong>error</strong></span> <span class='ocrx_word' id='word_1_4' title='bbox 423 324 624 365; x_wconf 86' lang='lat' dir='ltr'><strong>notandus</strong></span> <span class='ocrx_word' id='word_1_5' title='bbox 650 326 724 374; x_wconf 88' lang='lat' dir='ltr'><strong>est,</strong></span> <span class='ocrx_word' id='word_1_6' title='bbox 761 322 804 363; x_wconf 90' lang='lat' dir='ltr'><strong>in</strong></span> <span class='ocrx_word' id='word_1_7' title='bbox 829 335 947 372; x_wconf 91' lang='lat' dir='ltr'><strong>qnem</strong></span> <span class='ocrx_word' id='word_1_8' title='bbox 972 322 1117 363; x_wconf 83' lang='lat' dir='ltr'><strong>incidit</strong></span> <span class='ocrx_word' id='word_1_9' title='bbox 1143 322 1283 363; x_wconf 91' lang='lat' dir='ltr'><strong>doctus</strong></span> <span class='ocrx_word' id='word_1_10' title='bbox 1321 320 1544 372; x_wconf 86' lang='lat' dir='ltr'><strong>castigator</strong></span> <span class='ocrx_word' id='word_1_11' title='bbox 1571 319 1784 360; x_wconf 80' lang='lat' dir='ltr'><strong>Ciceronis.</strong></span> <span class='ocrx_word' id='word_1_12' title='bbox 1837 320 1940 361; x_wconf 87' lang='lat' dir='ltr'><strong>Nam</strong></span> <span class='ocrx_word' id='word_1_13' title='bbox 1969 322 2196 361; x_wconf 84' lang='lat' dir='ltr'><strong>ambustum</strong></span> <span class='ocrx_word' id='word_1_14' title='bbox 2233 324 2285 361; x_wconf 87' lang='lat' dir='ltr'><strong>tr.</strong></span> <span class='ocrx_word' id='word_1_15' title='bbox 2320 320 2373 370; x_wconf 89' lang='lat' dir='ltr'><strong>pl.</strong></span> <span class='ocrx_word' id='word_1_16' title='bbox 2405 321 2448 362; x_wconf 90' lang='lat' dir='ltr'><strong>in</strong></span> 
     </span>
     <span class='ocr_line' id='line_1_3' title="bbox 283 383 2447 437; baseline -0 -10"><span class='ocrx_word' id='word_1_17' title='bbox 283 387 509 428; x_wconf 89' lang='lat' dir='ltr'><strong>Miloniana</strong></span> <span class='ocrx_word' id='word_1_18' title='bbox 527 387 607 427; x_wconf 91' lang='lat' dir='ltr'><strong>dici</strong></span> <span class='ocrx_word' id='word_1_19' title='bbox 626 387 669 427; x_wconf 86' lang='grc' dir='ltr'><strong>Τ.</strong></span> <span class='ocrx_word' id='word_1_20' title='bbox 685 387 914 427; x_wconf 80' lang='lat' dir='ltr'><strong>Munatium</strong></span> <span class='ocrx_word' id='word_1_21' title='bbox 934 387 1140 437; x_wconf 84' lang='lat' dir='ltr'>Plancum,</span> <span class='ocrx_word' id='word_1_22' title='bbox 1167 398 1247 426; x_wconf 93' lang='lat' dir='ltr'><strong>non</strong></span> <span class='ocrx_word' id='word_1_23' title='bbox 1272 386 1377 435; x_wconf 89' lang='lat' dir='ltr'><strong>quod</strong></span> <span class='ocrx_word' id='word_1_24' title='bbox 1405 397 1427 425; x_wconf 90' lang='grc'><strong>0</strong></span> <span class='ocrx_word' id='word_1_25' title='bbox 1454 384 1622 434; x_wconf 83' lang='grc'>031111311</span> <span class='ocrx_word' id='word_1_26' title='bbox 1652 383 1819 423; x_wconf 90' lang='lat' dir='ltr'><strong>crimine</strong></span> <span class='ocrx_word' id='word_1_27' title='bbox 1847 384 2005 434; x_wconf 88' lang='lat' dir='ltr'><strong>elapsus</strong></span> <span class='ocrx_word' id='word_1_28' title='bbox 2023 385 2089 435; x_wconf 90' lang='lat' dir='ltr'><strong>sit,</strong></span> <span class='ocrx_word' id='word_1_29' title='bbox 2103 386 2172 425; x_wconf 90' lang='lat' dir='ltr'><strong>sed</strong></span> <span class='ocrx_word' id='word_1_30' title='bbox 2191 386 2298 435; x_wconf 90' lang='lat' dir='ltr'><strong>quod</strong></span> <span class='ocrx_word' id='word_1_31' title='bbox 2318 397 2447 435; x_wconf 88' lang='lat' dir='ltr'><strong>paene</strong></span> 
     </span>
     <span class='ocr_line' id='line_1_4' title="bbox 283 447 2446 501; baseline -0.001 -9"><span class='ocrx_word' id='word_1_32' title='bbox 283 463 495 501; x_wconf 88' lang='lat' dir='ltr'><strong>oppressus</strong></span> <span class='ocrx_word' id='word_1_33' title='bbox 523 451 580 491; x_wconf 89' lang='lat' dir='ltr'><strong>sit</strong></span> <span class='ocrx_word' id='word_1_34' title='bbox 592 451 762 491; x_wconf 86' lang='lat' dir='ltr'><strong>flammis</strong></span> <span class='ocrx_word' id='word_1_35' title='bbox 781 450 965 490; x_wconf 90' lang='lat' dir='ltr'><strong>Clodiani</strong></span> <span class='ocrx_word' id='word_1_36' title='bbox 984 450 1074 500; x_wconf 87' lang='lat' dir='ltr'><strong>rogi</strong></span> <span class='ocrx_word' id='word_1_37' title='bbox 1102 454 1143 490; x_wconf 92' lang='lat' dir='ltr'><strong>et</strong></span> <span class='ocrx_word' id='word_1_38' title='bbox 1170 451 1354 489; x_wconf 83' lang='lat' dir='ltr'><strong>incensae</strong></span> <span class='ocrx_word' id='word_1_39' title='bbox 1381 449 1518 489; x_wconf 91' lang='lat' dir='ltr'><strong>curiae</strong></span> <span class='ocrx_word' id='word_1_40' title='bbox 1542 449 1626 499; x_wconf 75' lang='lat' dir='ltr'><strong>Jam</strong></span> <span class='ocrx_word' id='word_1_41' title='bbox 1646 447 1844 487; x_wconf 90' lang='lat' dir='ltr'><strong>Asconius</strong></span> <span class='ocrx_word' id='word_1_42' title='bbox 1871 459 1943 487; x_wconf 90' lang='lat' dir='ltr'><strong>nos</strong></span> <span class='ocrx_word' id='word_1_43' title='bbox 1971 448 2087 488; x_wconf 90' lang='lat' dir='ltr'><strong>docet</strong></span> <span class='ocrx_word' id='word_1_44' title='bbox 2112 448 2154 488; x_wconf 92' lang='lat' dir='ltr'><strong>in</strong></span> <span class='ocrx_word' id='word_1_45' title='bbox 2180 449 2446 490; x_wconf 80' lang='lat' dir='ltr'><strong>annotatione</strong></span> 
     </span>
     <span class='ocr_line' id='line_1_5' title="bbox 282 511 2443 564; baseline -0 -9"><span class='ocrx_word' id='word_1_46' title='bbox 282 515 334 555; x_wconf 89' lang='lat' dir='ltr'><strong>ad</strong></span> <span class='ocrx_word' id='word_1_47' title='bbox 362 515 491 555; x_wconf 87' lang='lat' dir='ltr'><strong>locum</strong></span> <span class='ocrx_word' id='word_1_48' title='bbox 517 515 623 554; x_wconf 90' lang='lat' dir='ltr'><strong>laud.</strong></span> <span class='ocrx_word' id='word_1_49' title='bbox 650 515 756 564; x_wconf 88' lang='lat' dir='ltr'><strong>apud</strong></span> <span class='ocrx_word' id='word_1_50' title='bbox 783 514 905 554; x_wconf 89' lang='lat' dir='ltr'><strong>Orell.</strong></span> <span class='ocrx_word' id='word_1_51' title='bbox 933 514 982 563; x_wconf 90' lang='lat' dir='ltr'><strong>V,</strong></span> <span class='ocrx_word' id='word_1_52' title='bbox 1001 518 1073 563; x_wconf 80' lang='lat' dir='ltr'><strong>2p.</strong></span> <span class='ocrx_word' id='word_1_53' title='bbox 1092 517 1155 553; x_wconf 89' lang='lat'><strong>43.</strong></span> <span class='ocrx_word' id='word_1_54' title='bbox 1208 514 1308 552; x_wconf 87' lang='lat' dir='ltr'><strong>Tum</strong></span> <span class='ocrx_word' id='word_1_55' title='bbox 1336 516 1482 561; x_wconf 89' lang='lat' dir='ltr'><strong>autem,</strong></span> <span class='ocrx_word' id='word_1_56' title='bbox 1511 512 1607 561; x_wconf 90' lang='lat' dir='ltr'><strong>quid</strong></span> <span class='ocrx_word' id='word_1_57' title='bbox 1635 511 1713 551; x_wconf 91' lang='lat' dir='ltr'><strong>sibi</strong></span> <span class='ocrx_word' id='word_1_58' title='bbox 1739 511 1841 551; x_wconf 89' lang='lat' dir='ltr'><strong>velit</strong></span> <span class='ocrx_word' id='word_1_59' title='bbox 1861 512 1962 550; x_wconf 87' lang='lat' dir='ltr'><strong>haec</strong></span> <span class='ocrx_word' id='word_1_60' title='bbox 1982 523 2060 551; x_wconf 79' lang='lat' dir='ltr'><strong>vox</strong></span> <span class='ocrx_word' id='word_1_61' title='bbox 2079 513 2265 564; x_wconf 83' lang='lat' dir='ltr'><strong>ambusti,</strong></span> <span class='ocrx_word' id='word_1_62' title='bbox 2286 518 2334 553; x_wconf 92' lang='lat' dir='ltr'><strong>ut</strong></span> <span class='ocrx_word' id='word_1_63' title='bbox 2361 518 2443 553; x_wconf 89' lang='lat' dir='ltr'><strong>sta-</strong></span> 
     </span>
     <span class='ocr_line' id='line_1_6' title="bbox 282 575 2442 629; baseline -0 -10"><span class='ocrx_word' id='word_1_64' title='bbox 282 582 405 628; x_wconf 87' lang='lat' dir='ltr'><strong>tuam,</strong></span> <span class='ocrx_word' id='word_1_65' title='bbox 431 579 481 619; x_wconf 90' lang='lat' dir='ltr'><strong>de</strong></span> <span class='ocrx_word' id='word_1_66' title='bbox 507 591 584 628; x_wconf 89' lang='lat' dir='ltr'><strong>quo</strong></span> <span class='ocrx_word' id='word_1_67' title='bbox 611 579 854 629; x_wconf 83' lang='lat' dir='ltr'><strong>interpretes</strong></span> <span class='ocrx_word' id='word_1_68' title='bbox 881 589 1122 628; x_wconf 80' lang='lat' dir='ltr'><strong>magnopere</strong></span> <span class='ocrx_word' id='word_1_69' title='bbox 1149 577 1258 617; x_wconf 90' lang='lat' dir='ltr'><strong>inter</strong></span> <span class='ocrx_word' id='word_1_70' title='bbox 1285 588 1327 616; x_wconf 90' lang='lat' dir='ltr'><strong>se</strong></span> <span class='ocrx_word' id='word_1_71' title='bbox 1355 576 1610 625; x_wconf 87' lang='lat' dir='ltr'><strong>dissentiunt,</strong></span> <span class='ocrx_word' id='word_1_72' title='bbox 1639 575 1855 616; x_wconf 86' lang='lat' dir='ltr'><strong>videndum</strong></span> <span class='ocrx_word' id='word_1_73' title='bbox 1875 578 1948 625; x_wconf 89' lang='lat' dir='ltr'><strong>est,</strong></span> <span class='ocrx_word' id='word_1_74' title='bbox 1978 588 2058 625; x_wconf 92' lang='lat' dir='ltr'><strong>qua</strong></span> <span class='ocrx_word' id='word_1_75' title='bbox 2088 577 2246 617; x_wconf 88' lang='lat' dir='ltr'><strong>ratione</strong></span> <span class='ocrx_word' id='word_1_76' title='bbox 2274 577 2366 619; x_wconf 88' lang='lat' dir='ltr'><strong>aliis</strong></span> <span class='ocrx_word' id='word_1_77' title='bbox 2386 578 2442 618; x_wconf 91' lang='lat' dir='ltr'><strong>lo-</strong></span> 
     </span>
     <span class='ocr_line' id='line_1_7' title="bbox 282 639 2441 693; baseline 0 -12"><span class='ocrx_word' id='word_1_78' title='bbox 282 642 339 681; x_wconf 89' lang='lat' dir='ltr'><strong>cis</strong></span> <span class='ocrx_word' id='word_1_79' title='bbox 367 654 391 681; x_wconf 94' lang='lat' dir='ltr'><strong>a</strong></span> <span class='ocrx_word' id='word_1_80' title='bbox 418 642 607 681; x_wconf 86' lang='lat' dir='ltr'><strong>Cicerone</strong></span> <span class='ocrx_word' id='word_1_81' title='bbox 636 642 820 682; x_wconf 89' lang='lat' dir='ltr'><strong>adhibita</strong></span> <span class='ocrx_word' id='word_1_82' title='bbox 846 642 911 681; x_wconf 87' lang='lat' dir='ltr'><strong>sit.</strong></span> <span class='ocrx_word' id='word_1_83' title='bbox 966 643 1102 691; x_wconf 87' lang='lat' dir='ltr'><strong>Atque</strong></span> <span class='ocrx_word' id='word_1_84' title='bbox 1130 641 1295 690; x_wconf 89' lang='lat' dir='ltr'><strong>propria</strong></span> <span class='ocrx_word' id='word_1_85' title='bbox 1332 642 1451 691; x_wconf 89' lang='lat' dir='ltr'><strong>hujus</strong></span> <span class='ocrx_word' id='word_1_86' title='bbox 1485 640 1593 679; x_wconf 78' lang='lat' dir='ltr'><strong>vocis</strong></span> <span class='ocrx_word' id='word_1_87' title='bbox 1632 640 1694 679; x_wconf 81' lang='lat' dir='ltr'><strong>vis</strong></span> <span class='ocrx_word' id='word_1_88' title='bbox 1734 652 1755 679; x_wconf 89' lang='lat' dir='ltr'><strong>e</strong></span> <span class='ocrx_word' id='word_1_89' title='bbox 1793 639 2003 679; x_wconf 86' lang='lat' dir='ltr'><strong>Sestianae</strong></span> <span class='ocrx_word' id='word_1_90' title='bbox 2039 652 2070 680; x_wconf 91' lang='lat' dir='ltr'><strong>c.</strong></span> <span class='ocrx_word' id='word_1_91' title='bbox 2106 641 2265 691; x_wconf 81' lang='lat' dir='ltr'><strong>XVIII,</strong></span> <span class='ocrx_word' id='word_1_92' title='bbox 2307 641 2330 693; x_wconf 71' lang='grc' dir='ltr'>ξ</span> <span class='ocrx_word' id='word_1_93' title='bbox 2367 646 2441 682; x_wconf 88' lang='lat'><strong>143</strong></span> 
     </span>
     <span class='ocr_line' id='line_1_8' title="bbox 282 703 2434 755; baseline 0.001 -12"><span class='ocrx_word' id='word_1_94' title='bbox 282 704 432 754; x_wconf 89' lang='lat' dir='ltr'><strong>optime</strong></span> <span class='ocrx_word' id='word_1_95' title='bbox 459 705 723 755; x_wconf 84' lang='lat' dir='ltr'><strong>cognoscitur,</strong></span> <span class='ocrx_word' id='word_1_96' title='bbox 752 705 821 744; x_wconf 90' lang='lat' dir='ltr'><strong>ubi</strong></span> <span class='ocrx_word' id='word_1_97' title='bbox 848 705 1043 744; x_wconf 88' lang='lat' dir='ltr'><strong>Hercules</strong></span> <span class='ocrx_word' id='word_1_98' title='bbox 1070 716 1166 754; x_wconf 88' lang='lat' dir='ltr'><strong>rogo</strong></span> <span class='ocrx_word' id='word_1_99' title='bbox 1195 704 1405 753; x_wconf 89' lang='lat' dir='ltr'><strong>impositus</strong></span> <span class='ocrx_word' id='word_1_100' title='bbox 1433 715 1479 742; x_wconf 90' lang='lat' dir='ltr'><strong>ac</strong></span> <span class='ocrx_word' id='word_1_101' title='bbox 1508 703 1676 742; x_wconf 91' lang='lat' dir='ltr'><strong>flammis</strong></span> <span class='ocrx_word' id='word_1_102' title='bbox 1705 703 1995 752; x_wconf 88' lang='lat' dir='ltr'><strong>circumseptus</strong></span> <span class='ocrx_word' id='word_1_103' title='bbox 2033 703 2184 744; x_wconf 88' lang='lat' dir='ltr'><strong>dicitur</strong></span> <span class='ocrx_word' id='word_1_104' title='bbox 2217 706 2434 745; x_wconf 87' lang='lat' dir='ltr'><strong>ambustus.</strong></span> 
     </span>
     <span class='ocr_line' id='line_1_9' title="bbox 281 766 2754 835; baseline 0 -28"><span class='ocrx_word' id='word_1_105' title='bbox 281 767 432 818; x_wconf 81' lang='lat' dir='ltr'><strong>Quodsi</strong></span> <span class='ocrx_word' id='word_1_106' title='bbox 461 769 597 808; x_wconf 90' lang='lat' dir='ltr'><strong>eodem</strong></span> <span class='ocrx_word' id='word_1_107' title='bbox 633 770 826 809; x_wconf 85' lang='lat' dir='ltr'><strong>vocabulo</strong></span> <span class='ocrx_word' id='word_1_108' title='bbox 851 781 963 808; x_wconf 63' lang='lat' dir='ltr'><strong>⁴usus</strong></span> <span class='ocrx_word' id='word_1_109' title='bbox 1004 772 1065 808; x_wconf 90' lang='lat' dir='ltr'><strong>est</strong></span> <span class='ocrx_word' id='word_1_110' title='bbox 1094 769 1232 808; x_wconf 91' lang='lat' dir='ltr'><strong>Cicero</strong></span> <span class='ocrx_word' id='word_1_111' title='bbox 1271 769 1319 807; x_wconf 92' lang='grc'><strong>(10</strong></span> <span class='ocrx_word' id='word_1_112' title='bbox 1348 768 1508 815; x_wconf 80' lang='lat' dir='ltr'><strong>Plance,</strong></span> <span class='ocrx_word' id='word_1_113' title='bbox 1550 766 1619 814; x_wconf 85' lang='lat' dir='ltr'><strong>qui</strong></span> <span class='ocrx_word' id='word_1_114' title='bbox 1659 771 1754 806; x_wconf 89' lang='lat' dir='ltr'><strong>ante</strong></span> <span class='ocrx_word' id='word_1_115' title='bbox 1795 767 1948 806; x_wconf 89' lang='lat' dir='ltr'><strong>curiam</strong></span> <span class='ocrx_word' id='word_1_116' title='bbox 1976 767 2214 816; x_wconf 84' lang='lat' dir='ltr'><strong>flagrantem</strong></span> <span class='ocrx_word' id='word_1_117' title='bbox 2251 768 2439 808; x_wconf 83' lang='lat' dir='ltr'><strong>incitavit</strong></span> <span class='ocrx_word' id='word_1_118' title='bbox 2710 787 2754 835; x_wconf 64' lang='lat' dir='ltr'><em>s</em></span> 
     </span>
     <span class='ocr_line' id='line_1_10' title="bbox 281 830 2755 884; baseline 0.001 -13"><span class='ocrx_word' id='word_1_119' title='bbox 281 831 591 883; x_wconf 85' lang='lat' dir='ltr'><strong>multitudinem,</strong></span> <span class='ocrx_word' id='word_1_120' title='bbox 617 834 730 884; x_wconf 77' lang='lat' dir='ltr'><strong>quus</strong></span> <span class='ocrx_word' id='word_1_121' title='bbox 758 833 907 874; x_wconf 87' lang='lat' dir='ltr'><strong>scelere</strong></span> <span class='ocrx_word' id='word_1_122' title='bbox 933 844 979 873; x_wconf 92' lang='lat' dir='ltr'><strong>ac</strong></span> <span class='ocrx_word' id='word_1_123' title='bbox 1007 833 1144 873; x_wconf 83' lang='lat' dir='ltr'><strong>furore</strong></span> <span class='ocrx_word' id='word_1_124' title='bbox 1171 832 1259 882; x_wconf 88' lang='lat' dir='ltr'><strong>ipsa</strong></span> <span class='ocrx_word' id='word_1_125' title='bbox 1287 832 1450 872; x_wconf 86' lang='lat' dir='ltr'><strong>incensa</strong></span> <span class='ocrx_word' id='word_1_126' title='bbox 1478 834 1567 870; x_wconf 87' lang='lat' dir='ltr'><strong>erat</strong></span> <span class='ocrx_word' id='word_1_127' title='bbox 1591 830 1714 880; x_wconf 87' lang='lat' dir='ltr'><strong>curia,</strong></span> <span class='ocrx_word' id='word_1_128' title='bbox 1741 830 1776 871; x_wconf 95' lang='lat' dir='ltr'><strong>si</strong></span> <span class='ocrx_word' id='word_1_129' title='bbox 1805 830 1974 872; x_wconf 85' lang='lat' dir='ltr'><strong>Verrem</strong></span> <span class='ocrx_word' id='word_1_130' title='bbox 2001 831 2068 881; x_wconf 80' lang='grc' dir='ltr'><strong>ΙΙ,</strong></span> <span class='ocrx_word' id='word_1_131' title='bbox 2109 835 2142 881; x_wconf 97' lang='grc'><strong>1,</strong></span> <span class='ocrx_word' id='word_1_132' title='bbox 2173 835 2233 872; x_wconf 88' lang='grc'><strong>28.</strong></span> <span class='ocrx_word' id='word_1_133' title='bbox 2262 833 2439 882; x_wconf 89' lang='lat' dir='ltr'><strong>appellat</strong></span> <span class='ocrx_word' id='word_1_134' title='bbox 2717 835 2755 852; x_wconf 56' lang='lat'><strong>⁸*</strong></span> 
     </span>
     <span class='ocr_line' id='line_1_11' title="bbox 281 894 2440 946; baseline 0 -12"><span class='ocrx_word' id='word_1_135' title='bbox 281 896 507 935; x_wconf 86' lang='lat' dir='ltr'><strong>ambustum</strong></span> <span class='ocrx_word' id='word_1_136' title='bbox 526 896 722 936; x_wconf 90' lang='lat' dir='ltr'><strong>sociorum</strong></span> <span class='ocrx_word' id='word_1_137' title='bbox 744 897 813 936; x_wconf 92' lang='lat' dir='ltr'><strong>illo</strong></span> <span class='ocrx_word' id='word_1_138' title='bbox 833 896 1027 946; x_wconf 88' lang='lat' dir='ltr'><strong>incendio,</strong></span> <span class='ocrx_word' id='word_1_139' title='bbox 1046 897 1150 945; x_wconf 87' lang='lat' dir='ltr'><strong>quod</strong></span> <span class='ocrx_word' id='word_1_140' title='bbox 1171 896 1208 935; x_wconf 91' lang='lat' dir='ltr'><strong>ei</strong></span> <span class='ocrx_word' id='word_1_141' title='bbox 1228 897 1276 934; x_wconf 92' lang='lat' dir='ltr'><strong>ob</strong></span> <span class='ocrx_word' id='word_1_142' title='bbox 1297 895 1541 945; x_wconf 87' lang='lat' dir='ltr'><strong>flagitiosum</strong></span> <span class='ocrx_word' id='word_1_143' title='bbox 1565 894 1761 942; x_wconf 87' lang='lat' dir='ltr'><strong>quoddam</strong></span> <span class='ocrx_word' id='word_1_144' title='bbox 1777 894 1933 934; x_wconf 86' lang='lat' dir='ltr'><strong>facinus</strong></span> <span class='ocrx_word' id='word_1_145' title='bbox 1948 896 2154 944; x_wconf 89' lang='lat' dir='ltr'><strong>parabant</strong></span> <span class='ocrx_word' id='word_1_146' title='bbox 2168 896 2440 946; x_wconf 85' lang='lat' dir='ltr'><strong>Lampsaceni,</strong></span> 
     </span>
     <span class='ocr_line' id='line_1_12' title="bbox 279 958 2434 1009; baseline 0.001 -13"><span class='ocrx_word' id='word_1_147' title='bbox 279 958 508 1007; x_wconf 84' lang='lat' dir='ltr'><strong>significare</strong></span> <span class='ocrx_word' id='word_1_148' title='bbox 536 960 633 998; x_wconf 90' lang='lat' dir='ltr'><strong>mihi</strong></span> <span class='ocrx_word' id='word_1_149' title='bbox 662 960 834 1009; x_wconf 84' lang='lat' dir='ltr'><strong>videtur,</strong></span> <span class='ocrx_word' id='word_1_150' title='bbox 870 961 1049 1009; x_wconf 89' lang='lat' dir='ltr'><strong>flammis,</strong></span> <span class='ocrx_word' id='word_1_151' title='bbox 1087 960 1129 998; x_wconf 91' lang='lat' dir='ltr'><strong>in</strong></span> <span class='ocrx_word' id='word_1_152' title='bbox 1165 959 1310 1007; x_wconf 87' lang='lat' dir='ltr'><strong>quibus</strong></span> <span class='ocrx_word' id='word_1_153' title='bbox 1344 962 1554 997; x_wconf 82' lang='lat' dir='ltr'><strong>versantes</strong></span> <span class='ocrx_word' id='word_1_154' title='bbox 1589 958 1859 996; x_wconf 86' lang='lat' dir='ltr'><strong>commiserint</strong></span> <span class='ocrx_word' id='word_1_155' title='bbox 1900 959 2002 997; x_wconf 89' lang='lat' dir='ltr'><strong>illud</strong></span> <span class='ocrx_word' id='word_1_156' title='bbox 2031 959 2186 998; x_wconf 86' lang='lat' dir='ltr'><strong>factum</strong></span> <span class='ocrx_word' id='word_1_157' title='bbox 2215 960 2434 1008; x_wconf 88' lang='lat' dir='ltr'><strong>improbum</strong></span> 
     </span>
     <span class='ocr_line' id='line_1_13' title="bbox 279 1013 2522 1073; baseline 0.001 -13"><span class='ocrx_word' id='word_1_158' title='bbox 279 1032 328 1060; x_wconf 91' lang='lat' dir='ltr'><strong>ac</strong></span> <span class='ocrx_word' id='word_1_159' title='bbox 354 1022 592 1062; x_wconf 89' lang='lat' dir='ltr'><strong>sceleratum</strong></span> <span class='ocrx_word' id='word_1_160' title='bbox 620 1023 829 1063; x_wconf 86' lang='lat' dir='ltr'><strong>Munatius</strong></span> <span class='ocrx_word' id='word_1_161' title='bbox 857 1028 898 1063; x_wconf 91' lang='lat' dir='ltr'><strong>et</strong></span> <span class='ocrx_word' id='word_1_162' title='bbox 918 1023 1077 1073; x_wconf 89' lang='lat' dir='ltr'><strong>Verres,</strong></span> <span class='ocrx_word' id='word_1_163' title='bbox 1105 1034 1191 1062; x_wconf 90' lang='lat' dir='ltr'><strong>esse</strong></span> <span class='ocrx_word' id='word_1_164' title='bbox 1215 1022 1265 1062; x_wconf 88' lang='lat' dir='ltr'><strong>iis</strong></span> <span class='ocrx_word' id='word_1_165' title='bbox 1293 1022 1488 1062; x_wconf 84' lang='lat' dir='ltr'><strong>maculam</strong></span> <span class='ocrx_word' id='word_1_166' title='bbox 1516 1020 1706 1060; x_wconf 83' lang='lat' dir='ltr'><strong>infamiae</strong></span> <span class='ocrx_word' id='word_1_167' title='bbox 1733 1024 1774 1061; x_wconf 92' lang='lat' dir='ltr'><strong>et</strong></span> <span class='ocrx_word' id='word_1_168' title='bbox 1802 1022 2071 1070; x_wconf 84' lang='lat' dir='ltr'><strong>turpitudinis</strong></span> <span class='ocrx_word' id='word_1_169' title='bbox 2108 1023 2224 1072; x_wconf 89' lang='lat' dir='ltr'><strong>quasi</strong></span> <span class='ocrx_word' id='word_1_170' title='bbox 2252 1023 2440 1063; x_wconf 89' lang='lat' dir='ltr'><strong>inustum.</strong></span> <span class='ocrx_word' id='word_1_171' title='bbox 2490 1013 2522 1064; x_wconf 88' lang='lat'><strong>¹)</strong></span> 
     </span>
     <span class='ocr_line' id='line_1_14' title="bbox 281 1083 2440 1135; baseline 0.001 -12"><span class='ocrx_word' id='word_1_172' title='bbox 281 1083 370 1133; x_wconf 85' lang='lat' dir='ltr'><strong>Qua</strong></span> <span class='ocrx_word' id='word_1_173' title='bbox 403 1086 561 1133; x_wconf 91' lang='lat' dir='ltr'><strong>quidem</strong></span> <span class='ocrx_word' id='word_1_174' title='bbox 599 1087 825 1135; x_wconf 83' lang='lat' dir='ltr'><strong>explicandi</strong></span> <span class='ocrx_word' id='word_1_175' title='bbox 861 1087 1020 1126; x_wconf 88' lang='lat' dir='ltr'><strong>ratione</strong></span> <span class='ocrx_word' id='word_1_176' title='bbox 1058 1088 1109 1126; x_wconf 87' lang='lat' dir='ltr'><strong>ad</strong></span> <span class='ocrx_word' id='word_1_177' title='bbox 1147 1092 1328 1126; x_wconf 89' lang='lat' dir='ltr'><strong>nostrum</strong></span> <span class='ocrx_word' id='word_1_178' title='bbox 1362 1086 1491 1124; x_wconf 91' lang='grc'>10011111</span> <span class='ocrx_word' id='word_1_179' title='bbox 1531 1084 1716 1123; x_wconf 85' lang='grc'>3(111111113</span> <span class='ocrx_word' id='word_1_180' title='bbox 1753 1097 1891 1124; x_wconf 88' lang='lat' dir='ltr'><strong>sensus</strong></span> <span class='ocrx_word' id='word_1_181' title='bbox 1926 1085 2105 1125; x_wconf 85' lang='lat' dir='ltr'><strong>efficitur</strong></span> <span class='ocrx_word' id='word_1_182' title='bbox 2138 1087 2369 1135; x_wconf 88' lang='lat' dir='ltr'><strong>praeclarus</strong></span> <span class='ocrx_word' id='word_1_183' title='bbox 2397 1091 2440 1126; x_wconf 88' lang='lat' dir='ltr'><strong>et</strong></span> 
     </span>
     <span class='ocr_line' id='line_1_15' title="bbox 279 1147 2437 1199; baseline 0.002 -13"><span class='ocrx_word' id='word_1_184' title='bbox 279 1147 445 1188; x_wconf 82' lang='lat' dir='ltr'><strong>facetus.</strong></span> <span class='ocrx_word' id='word_1_185' title='bbox 500 1149 629 1199; x_wconf 79' lang='lat' dir='ltr'><strong>Quum</strong></span> <span class='ocrx_word' id='word_1_186' title='bbox 658 1150 762 1190; x_wconf 90' lang='lat' dir='ltr'><strong>enim</strong></span> <span class='ocrx_word' id='word_1_187' title='bbox 783 1150 944 1190; x_wconf 89' lang='lat' dir='ltr'><strong>Clodius</strong></span> <span class='ocrx_word' id='word_1_188' title='bbox 970 1151 1012 1190; x_wconf 93' lang='lat' dir='ltr'><strong>in</strong></span> <span class='ocrx_word' id='word_1_189' title='bbox 1039 1151 1177 1191; x_wconf 87' lang='lat' dir='ltr'><strong>Bonae</strong></span> <span class='ocrx_word' id='word_1_190' title='bbox 1205 1151 1314 1190; x_wconf 89' lang='lat' dir='ltr'><strong>Deae</strong></span> <span class='ocrx_word' id='word_1_191' title='bbox 1339 1149 1536 1190; x_wconf 88' lang='lat' dir='ltr'><strong>sacrificio</strong></span> <span class='ocrx_word' id='word_1_192' title='bbox 1565 1160 1652 1189; x_wconf 89' lang='lat' dir='ltr'><strong>cum</strong></span> <span class='ocrx_word' id='word_1_193' title='bbox 1674 1148 1863 1199; x_wconf 86' lang='lat' dir='ltr'><strong>Pompeja</strong></span> <span class='ocrx_word' id='word_1_194' title='bbox 1894 1152 2081 1199; x_wconf 86' lang='lat' dir='ltr'><strong>stuprum</strong></span> <span class='ocrx_word' id='word_1_195' title='bbox 2110 1149 2244 1190; x_wconf 88' lang='lat' dir='ltr'><strong>facere</strong></span> <span class='ocrx_word' id='word_1_196' title='bbox 2271 1155 2437 1192; x_wconf 90' lang='lat' dir='ltr'><strong>conatus</strong></span> 
     </span>
     <span class='ocr_line' id='line_1_16' title="bbox 277 1213 2439 1264; baseline 0.003 -14"><span class='ocrx_word' id='word_1_197' title='bbox 277 1223 463 1260; x_wconf 87' lang='lat' dir='ltr'><strong>magnam</strong></span> <span class='ocrx_word' id='word_1_198' title='bbox 489 1213 567 1252; x_wconf 93' lang='lat' dir='ltr'><strong>sibi</strong></span> <span class='ocrx_word' id='word_1_199' title='bbox 593 1214 852 1263; x_wconf 81' lang='lat' dir='ltr'><strong>ignominiam</strong></span> <span class='ocrx_word' id='word_1_200' title='bbox 879 1214 1101 1264; x_wconf 89' lang='lat' dir='ltr'><strong>conflasset,</strong></span> <span class='ocrx_word' id='word_1_201' title='bbox 1140 1215 1323 1264; x_wconf 88' lang='lat' dir='ltr'><strong>carpitur</strong></span> <span class='ocrx_word' id='word_1_202' title='bbox 1351 1226 1375 1253; x_wconf 90' lang='lat' dir='ltr'><strong>a</strong></span> <span class='ocrx_word' id='word_1_203' title='bbox 1404 1214 1594 1252; x_wconf 89' lang='lat' dir='ltr'><strong>Cicerone</strong></span> <span class='ocrx_word' id='word_1_204' title='bbox 1621 1224 1692 1262; x_wconf 85' lang='lat' dir='ltr'><strong>per</strong></span> <span class='ocrx_word' id='word_1_205' title='bbox 1719 1213 1947 1262; x_wconf 90' lang='lat' dir='ltr'><strong>ludibrium,</strong></span> <span class='ocrx_word' id='word_1_206' title='bbox 1989 1214 2108 1263; x_wconf 84' lang='lat' dir='ltr'><strong>quasi</strong></span> <span class='ocrx_word' id='word_1_207' title='bbox 2142 1226 2256 1254; x_wconf 89' lang='lat' dir='ltr'><strong>suam</strong></span> <span class='ocrx_word' id='word_1_208' title='bbox 2292 1215 2439 1256; x_wconf 85' lang='lat' dir='ltr'><strong>famam</strong></span> 
     </span>
     <span class='ocr_line' id='line_1_17' title="bbox 278 1275 2437 1330; baseline 0.003 -17"><span class='ocrx_word' id='word_1_209' title='bbox 278 1275 480 1324; x_wconf 85' lang='lat' dir='ltr'><strong>religiosis</strong></span> <span class='ocrx_word' id='word_1_210' title='bbox 508 1276 617 1316; x_wconf 92' lang='lat' dir='ltr'><strong>illius</strong></span> <span class='ocrx_word' id='word_1_211' title='bbox 643 1278 832 1317; x_wconf 89' lang='lat' dir='ltr'><strong>sacrificii</strong></span> <span class='ocrx_word' id='word_1_212' title='bbox 860 1278 1020 1327; x_wconf 85' lang='lat' dir='ltr'><strong>ignibus</strong></span> <span class='ocrx_word' id='word_1_213' title='bbox 1049 1279 1250 1318; x_wconf 87' lang='lat' dir='ltr'><strong>adusserit</strong></span> <span class='ocrx_word' id='word_1_214' title='bbox 1285 1282 1407 1326; x_wconf 88' lang='lat' dir='ltr'><strong>atque</strong></span> <span class='ocrx_word' id='word_1_215' title='bbox 1442 1277 1617 1316; x_wconf 85' lang='lat' dir='ltr'><strong>laeserit.</strong></span> <span class='ocrx_word' id='word_1_216' title='bbox 1683 1276 1825 1316; x_wconf 91' lang='lat' dir='ltr'><strong>Omnia</strong></span> <span class='ocrx_word' id='word_1_217' title='bbox 1852 1277 1980 1326; x_wconf 86' lang='lat' dir='ltr'><strong>igitur</strong></span> <span class='ocrx_word' id='word_1_218' title='bbox 2008 1278 2122 1317; x_wconf 88' lang='lat' dir='ltr'><strong>clara</strong></span> <span class='ocrx_word' id='word_1_219' title='bbox 2150 1282 2192 1318; x_wconf 90' lang='lat' dir='ltr'><strong>et</strong></span> <span class='ocrx_word' id='word_1_220' title='bbox 2217 1280 2437 1330; x_wconf 87' lang='lat' dir='ltr'><strong>perspicua,</strong></span> 
     </span>
     <span class='ocr_line' id='line_1_18' title="bbox 275 1337 2438 1393; baseline 0.003 -16"><span class='ocrx_word' id='word_1_221' title='bbox 275 1337 378 1378; x_wconf 92' lang='lat' dir='ltr'><strong>nihil</strong></span> <span class='ocrx_word' id='word_1_222' title='bbox 397 1339 543 1390; x_wconf 88' lang='lat' dir='ltr'><strong>inepte,</strong></span> <span class='ocrx_word' id='word_1_223' title='bbox 571 1340 672 1381; x_wconf 89' lang='lat' dir='ltr'><strong>nihil</strong></span> <span class='ocrx_word' id='word_1_224' title='bbox 691 1342 884 1382; x_wconf 89' lang='lat' dir='ltr'><strong>audacter</strong></span> <span class='ocrx_word' id='word_1_225' title='bbox 903 1342 1065 1393; x_wconf 89' lang='lat' dir='ltr'><strong>dictum,</strong></span> <span class='ocrx_word' id='word_1_226' title='bbox 1085 1342 1293 1382; x_wconf 84' lang='lat' dir='ltr'><strong>dummodo</strong></span> <span class='ocrx_word' id='word_1_227' title='bbox 1314 1342 1544 1383; x_wconf 88' lang='lat' dir='ltr'><strong>Ciceronem</strong></span> <span class='ocrx_word' id='word_1_228' title='bbox 1571 1352 1620 1379; x_wconf 84' lang='lat' dir='ltr'><strong>ex</strong></span> <span class='ocrx_word' id='word_1_229' title='bbox 1640 1339 1764 1390; x_wconf 88' lang='lat' dir='ltr'><strong>ipsius</strong></span> <span class='ocrx_word' id='word_1_230' title='bbox 1789 1340 1949 1391; x_wconf 89' lang='lat' dir='ltr'><strong>ingenio</strong></span> <span class='ocrx_word' id='word_1_231' title='bbox 1972 1353 2020 1381; x_wconf 92' lang='lat' dir='ltr'><strong>ac</strong></span> <span class='ocrx_word' id='word_1_232' title='bbox 2038 1341 2218 1382; x_wconf 86' lang='lat' dir='ltr'><strong>moribus</strong></span> <span class='ocrx_word' id='word_1_233' title='bbox 2237 1343 2438 1393; x_wconf 84' lang='lat' dir='ltr'><strong>explicare</strong></span> 
     </span>
     <span class='ocr_line' id='line_1_19' title="bbox 279 1402 472 1441; baseline -0.005 0"><span class='ocrx_word' id='word_1_234' title='bbox 279 1402 393 1441; x_wconf 85' lang='lat' dir='ltr'><strong>velis.</strong></span> <span class='ocrx_word' id='word_1_235' title='bbox 422 1426 472 1430; x_wconf 94' lang='lat'><strong>—</strong></span> 
     </span>
    </p>

    <p class='ocr_par' dir='ltr' id='par_1_3' title="bbox 272 1458 2521 1830">
     <span class='ocr_line' id='line_1_20' title="bbox 404 1458 2521 1520; baseline 0.002 -15"><span class='ocrx_word' id='word_1_236' title='bbox 404 1466 499 1506; x_wconf 82' lang='lat' dir='ltr'><strong>Jam</strong></span> <span class='ocrx_word' id='word_1_237' title='bbox 537 1479 631 1507; x_wconf 90' lang='lat' dir='ltr'><strong>vero</strong></span> <span class='ocrx_word' id='word_1_238' title='bbox 668 1470 852 1518; x_wconf 83' lang='lat' dir='ltr'><strong>argutias</strong></span> <span class='ocrx_word' id='word_1_239' title='bbox 884 1474 1050 1519; x_wconf 88' lang='lat' dir='ltr'><strong>captare</strong></span> <span class='ocrx_word' id='word_1_240' title='bbox 1089 1470 1204 1510; x_wconf 87' lang='lat' dir='ltr'><strong>nobis</strong></span> <span class='ocrx_word' id='word_1_241' title='bbox 1241 1470 1402 1509; x_wconf 85' lang='lat' dir='ltr'><strong>videtur</strong></span> <span class='ocrx_word' id='word_1_242' title='bbox 1438 1469 1492 1507; x_wconf 90' lang='lat' dir='ltr'><strong>M.</strong></span> <span class='ocrx_word' id='word_1_243' title='bbox 1529 1469 1579 1508; x_wconf 86' lang='lat' dir='ltr'><strong>ad</strong></span> <span class='ocrx_word' id='word_1_244' title='bbox 1622 1480 1652 1508; x_wconf 93' lang='grc'><strong>0.</strong></span> <span class='ocrx_word' id='word_1_245' title='bbox 1685 1469 1760 1517; x_wconf 93' lang='grc' dir='ltr'>ΙΙΙ,</span> <span class='ocrx_word' id='word_1_246' title='bbox 1803 1468 1826 1520; x_wconf 65' lang='grc' dir='ltr'><strong><em>ξ</em></strong></span> <span class='ocrx_word' id='word_1_247' title='bbox 1861 1472 1883 1508; x_wconf 91' lang='grc'><strong>6</strong></span> <span class='ocrx_word' id='word_1_248' title='bbox 1923 1469 1993 1509; x_wconf 85' lang='grc'>11111</span> <span class='ocrx_word' id='word_1_249' title='bbox 2044 1474 2171 1519; x_wconf 84' lang='lat' dir='ltr'><strong>negat</strong></span> <span class='ocrx_word' id='word_1_250' title='bbox 2207 1470 2434 1511; x_wconf 88' lang='lat' dir='ltr'><strong>Ciceronem</strong></span> <span class='ocrx_word' id='word_1_251' title='bbox 2488 1458 2521 1509; x_wconf 79' lang='lat'><strong>²)</strong></span> 
     </span>
     <span class='ocr_line' id='line_1_21' title="bbox 278 1529 2436 1583; baseline 0.005 -17"><span class='ocrx_word' id='word_1_252' title='bbox 278 1539 363 1567; x_wconf 88' lang='lat' dir='ltr'><strong>esse</strong></span> <span class='ocrx_word' id='word_1_253' title='bbox 390 1529 625 1569; x_wconf 80' lang='lat' dir='ltr'><strong>restitutum</strong></span> <span class='ocrx_word' id='word_1_254' title='bbox 654 1542 775 1580; x_wconf 87' lang='lat' dir='ltr'><strong>opera</strong></span> <span class='ocrx_word' id='word_1_255' title='bbox 803 1532 978 1583; x_wconf 85' lang='lat' dir='ltr'><strong>Milonis,</strong></span> <span class='ocrx_word' id='word_1_256' title='bbox 1007 1534 1152 1583; x_wconf 88' lang='lat' dir='ltr'><strong>quippe</strong></span> <span class='ocrx_word' id='word_1_257' title='bbox 1181 1533 1249 1582; x_wconf 91' lang='lat' dir='ltr'><strong>qui</strong></span> <span class='ocrx_word' id='word_1_258' title='bbox 1278 1532 1406 1572; x_wconf 88' lang='lat' dir='ltr'><strong>Clodii</strong></span> <span class='ocrx_word' id='word_1_259' title='bbox 1437 1531 1593 1571; x_wconf 86' lang='lat' dir='ltr'><strong>furores</strong></span> <span class='ocrx_word' id='word_1_260' title='bbox 1623 1535 1779 1571; x_wconf 89' lang='lat' dir='ltr'><strong>tantum</strong></span> <span class='ocrx_word' id='word_1_261' title='bbox 1808 1533 2101 1581; x_wconf 88' lang='lat' dir='ltr'><strong>compresserit.</strong></span> <span class='ocrx_word' id='word_1_262' title='bbox 2161 1534 2263 1574; x_wconf 87' lang='lat' dir='ltr'><strong>Nolo</strong></span> <span class='ocrx_word' id='word_1_263' title='bbox 2292 1534 2436 1576; x_wconf 89' lang='lat' dir='ltr'><strong>afferre</strong></span> 
     </span>
     <span class='ocr_line' id='line_1_22' title="bbox 278 1592 2436 1646; baseline 0.004 -18"><span class='ocrx_word' id='word_1_264' title='bbox 278 1592 382 1637; x_wconf 91' lang='lat' dir='ltr'><strong>quod</strong></span> <span class='ocrx_word' id='word_1_265' title='bbox 408 1592 494 1639; x_wconf 91' lang='lat' dir='ltr'><strong>ipse</strong></span> <span class='ocrx_word' id='word_1_266' title='bbox 520 1594 657 1632; x_wconf 86' lang='lat' dir='ltr'><strong>Cicero</strong></span> <span class='ocrx_word' id='word_1_267' title='bbox 685 1595 727 1633; x_wconf 93' lang='lat' dir='ltr'><strong>in</strong></span> <span class='ocrx_word' id='word_1_268' title='bbox 757 1608 812 1634; x_wconf 88' lang='lat' dir='ltr'><strong>or.</strong></span> <span class='ocrx_word' id='word_1_269' title='bbox 841 1608 877 1643; x_wconf 93' lang='lat' dir='ltr'><strong>p.</strong></span> <span class='ocrx_word' id='word_1_270' title='bbox 903 1596 971 1635; x_wconf 90' lang='lat' dir='ltr'><strong>hil.</strong></span> <span class='ocrx_word' id='word_1_271' title='bbox 998 1598 1020 1645; x_wconf 66' lang='grc' dir='ltr'>ξ</span> <span class='ocrx_word' id='word_1_272' title='bbox 1052 1601 1127 1636; x_wconf 86' lang='grc'><strong>102</strong></span> <span class='ocrx_word' id='word_1_273' title='bbox 1156 1597 1271 1634; x_wconf 85' lang='grc'>(11011;</span> <span class='ocrx_word' id='word_1_274' title='bbox 1319 1607 1532 1643; x_wconf 80' lang='lat' dir='ltr'><strong>„revocare</strong></span> <span class='ocrx_word' id='word_1_275' title='bbox 1564 1600 1608 1633; x_wconf 91' lang='lat' dir='ltr'><strong>tu</strong></span> <span class='ocrx_word' id='word_1_276' title='bbox 1635 1607 1696 1633; x_wconf 91' lang='grc'>1110</span> <span class='ocrx_word' id='word_1_277' title='bbox 1722 1596 1763 1634; x_wconf 88' lang='grc'><strong>111</strong></span> <span class='ocrx_word' id='word_1_278' title='bbox 1792 1596 1968 1644; x_wconf 88' lang='lat' dir='ltr'><strong>patriam</strong></span> <span class='ocrx_word' id='word_1_279' title='bbox 1996 1597 2096 1636; x_wconf 90' lang='lat' dir='ltr'><strong>Milo</strong></span> <span class='ocrx_word' id='word_1_280' title='bbox 2124 1597 2346 1646; x_wconf 34' lang='lat' dir='ltr'><strong>potuisti&amp;</strong></span> <span class='ocrx_word' id='word_1_281' title='bbox 2384 1600 2436 1638; x_wconf 85' lang='lat' dir='ltr'><strong>ad.</strong></span> 
     </span>
     <span class='ocr_line' id='line_1_23' title="bbox 276 1656 2437 1714; baseline 0.006 -23"><span class='ocrx_word' id='word_1_282' title='bbox 276 1656 429 1693; x_wconf 90' lang='lat' dir='ltr'><strong>certum</strong></span> <span class='ocrx_word' id='word_1_283' title='bbox 458 1667 591 1695; x_wconf 90' lang='lat' dir='ltr'><strong>rerum</strong></span> <span class='ocrx_word' id='word_1_284' title='bbox 621 1657 890 1699; x_wconf 90' lang='lat' dir='ltr'><strong>Romanarum</strong></span> <span class='ocrx_word' id='word_1_285' title='bbox 919 1663 1120 1699; x_wconf 86' lang='lat' dir='ltr'><strong>auctorem</strong></span> <span class='ocrx_word' id='word_1_286' title='bbox 1137 1660 1335 1710; x_wconf 86' lang='lat' dir='ltr'><strong>Vellejum</strong></span> <span class='ocrx_word' id='word_1_287' title='bbox 1363 1659 1621 1699; x_wconf 90' lang='lat' dir='ltr'><strong>Paterculum</strong></span> <span class='ocrx_word' id='word_1_288' title='bbox 1648 1659 1765 1698; x_wconf 76' lang='lat' dir='ltr'><strong>velim</strong></span> <span class='ocrx_word' id='word_1_289' title='bbox 1793 1660 2072 1701; x_wconf 79' lang='lat' dir='ltr'><strong>adversarium</strong></span> <span class='ocrx_word' id='word_1_290' title='bbox 2099 1662 2297 1713; x_wconf 84' lang='lat' dir='ltr'><strong>delegare,</strong></span> <span class='ocrx_word' id='word_1_291' title='bbox 2323 1664 2437 1714; x_wconf 90' lang='lat' dir='ltr'><strong>cujus</strong></span> 
     </span>
     <span class='ocr_line' id='line_1_24' title="bbox 273 1716 2435 1775; baseline 0.005 -20"><span class='ocrx_word' id='word_1_292' title='bbox 273 1716 316 1756; x_wconf 91' lang='lat' dir='ltr'><strong>in</strong></span> <span class='ocrx_word' id='word_1_293' title='bbox 343 1718 367 1756; x_wconf 95' lang='lat' dir='ltr'><strong>l.</strong></span> <span class='ocrx_word' id='word_1_294' title='bbox 394 1719 438 1757; x_wconf 92' lang='grc' dir='ltr'><strong>Π</strong></span> <span class='ocrx_word' id='word_1_295' title='bbox 463 1731 494 1758; x_wconf 92' lang='grc'><strong>0.</strong></span> <span class='ocrx_word' id='word_1_296' title='bbox 519 1723 570 1758; x_wconf 89' lang='lat'><strong>45</strong></span> <span class='ocrx_word' id='word_1_297' title='bbox 600 1722 697 1760; x_wconf 89' lang='lat' dir='ltr'><strong>haec</strong></span> <span class='ocrx_word' id='word_1_298' title='bbox 721 1722 806 1761; x_wconf 79' lang='lat' dir='ltr'><strong>iere</strong></span> <span class='ocrx_word' id='word_1_299' title='bbox 833 1724 1038 1772; x_wconf 86' lang='lat' dir='ltr'><strong>leguntur:</strong></span> <span class='ocrx_word' id='word_1_300' title='bbox 1068 1724 1223 1762; x_wconf 91' lang='lat' dir='ltr'><strong>virtute</strong></span> <span class='ocrx_word' id='word_1_301' title='bbox 1250 1727 1372 1771; x_wconf 89' lang='lat' dir='ltr'><strong>atque</strong></span> <span class='ocrx_word' id='word_1_302' title='bbox 1400 1724 1559 1762; x_wconf 88' lang='lat' dir='ltr'><strong>actione</strong></span> <span class='ocrx_word' id='word_1_303' title='bbox 1587 1722 1628 1760; x_wconf 87' lang='lat' dir='ltr'><strong>T.</strong></span> <span class='ocrx_word' id='word_1_304' title='bbox 1652 1722 1775 1761; x_wconf 84' lang='lat' dir='ltr'><strong>Annii</strong></span> <span class='ocrx_word' id='word_1_305' title='bbox 1794 1723 1959 1762; x_wconf 84' lang='lat' dir='ltr'><strong>Milonis</strong></span> <span class='ocrx_word' id='word_1_306' title='bbox 1988 1727 2039 1763; x_wconf 87' lang='lat' dir='ltr'><strong>tr.</strong></span> <span class='ocrx_word' id='word_1_307' title='bbox 2065 1726 2118 1773; x_wconf 91' lang='lat' dir='ltr'><strong>pl.</strong></span> <span class='ocrx_word' id='word_1_308' title='bbox 2146 1725 2340 1774; x_wconf 84' lang='lat' dir='ltr'><strong>dignitati</strong></span> <span class='ocrx_word' id='word_1_309' title='bbox 2368 1738 2435 1775; x_wconf 87' lang='lat' dir='ltr'><strong>pa-</strong></span> 
     </span>
     <span class='ocr_line' id='line_1_25' title="bbox 272 1779 963 1830; baseline 0.012 -11"><span class='ocrx_word' id='word_1_310' title='bbox 272 1779 455 1830; x_wconf 90' lang='lat' dir='ltr'><strong>triaeque</strong></span> <span class='ocrx_word' id='word_1_311' title='bbox 483 1783 698 1824; x_wconf 87' lang='lat' dir='ltr'><strong>restitutus</strong></span> <span class='ocrx_word' id='word_1_312' title='bbox 725 1789 786 1825; x_wconf 90' lang='lat' dir='ltr'><strong>est</strong></span> <span class='ocrx_word' id='word_1_313' title='bbox 816 1787 963 1827; x_wconf 81' lang='lat' dir='ltr'><strong>Cicero.</strong></span> 
     </span>
    </p>

    <p class='ocr_par' dir='ltr' id='par_1_4' title="bbox 271 1845 2517 1968">
     <span class='ocr_line' id='line_1_26' title="bbox 401 1845 2517 1917; baseline 0.005 -33"><span class='ocrx_word' id='word_1_314' title='bbox 401 1845 528 1885; x_wconf 89' lang='lat' dir='ltr'><strong>Porro</strong></span> <span class='ocrx_word' id='word_1_315' title='bbox 557 1847 608 1886; x_wconf 90' lang='lat' dir='ltr'><strong>ad</strong></span> <span class='ocrx_word' id='word_1_316' title='bbox 636 1859 666 1886; x_wconf 93' lang='grc'><strong>0.</strong></span> <span class='ocrx_word' id='word_1_317' title='bbox 691 1848 752 1887; x_wconf 91' lang='lat' dir='ltr'><strong>IV</strong></span> <span class='ocrx_word' id='word_1_318' title='bbox 779 1850 800 1900; x_wconf 66' lang='grc' dir='ltr'>ξ</span> <span class='ocrx_word' id='word_1_319' title='bbox 829 1854 850 1888; x_wconf 89' lang='grc'>7</span> <span class='ocrx_word' id='word_1_320' title='bbox 882 1851 934 1890; x_wconf 92' lang='lat' dir='ltr'><strong>M.</strong></span> <span class='ocrx_word' id='word_1_321' title='bbox 959 1862 1123 1900; x_wconf 88' lang='lat' dir='ltr'><strong>prorsus</strong></span> <span class='ocrx_word' id='word_1_322' title='bbox 1150 1850 1280 1890; x_wconf 87' lang='lat' dir='ltr'><strong>otiosa</strong></span> <span class='ocrx_word' id='word_1_323' title='bbox 1308 1854 1426 1901; x_wconf 89' lang='lat' dir='ltr'><strong>putat</strong></span> <span class='ocrx_word' id='word_1_324' title='bbox 1452 1851 1594 1890; x_wconf 81' lang='lat' dir='ltr'><strong>verba:</strong></span> <span class='ocrx_word' id='word_1_325' title='bbox 1631 1850 1698 1889; x_wconf 87' lang='lat' dir='ltr'><strong>sed</strong></span> <span class='ocrx_word' id='word_1_326' title='bbox 1731 1850 1852 1890; x_wconf 90' lang='lat' dir='ltr'><strong>etiam</strong></span> <span class='ocrx_word' id='word_1_327' title='bbox 1878 1851 2082 1901; x_wconf 88' lang='lat' dir='ltr'><strong>appetivit</strong></span> <span class='ocrx_word' id='word_1_328' title='bbox 2108 1864 2160 1893; x_wconf 91' lang='lat' dir='ltr'><strong>sc.</strong></span> <span class='ocrx_word' id='word_1_329' title='bbox 2189 1852 2435 1902; x_wconf 87' lang='lat' dir='ltr'><strong>inimicitias,</strong></span> <span class='ocrx_word' id='word_1_330' title='bbox 2485 1862 2517 1917; x_wconf 53' lang='grc' dir='ltr'><strong>ὃ)</strong></span> 
     </span>
     <span class='ocr_line' id='line_1_27' title="bbox 271 1911 2433 1968; baseline 0.005 -22"><span class='ocrx_word' id='word_1_331' title='bbox 271 1919 414 1955; x_wconf 90' lang='grc'>(11111111</span> <span class='ocrx_word' id='word_1_332' title='bbox 452 1911 541 1949; x_wconf 92' lang='grc'>1100</span> <span class='ocrx_word' id='word_1_333' title='bbox 576 1924 724 1951; x_wconf 91' lang='lat' dir='ltr'><strong>sensu</strong></span> <span class='ocrx_word' id='word_1_334' title='bbox 758 1915 951 1953; x_wconf 90' lang='lat' dir='ltr'><strong>nullum</strong></span> <span class='ocrx_word' id='word_1_335' title='bbox 990 1916 1267 1955; x_wconf 88' lang='lat' dir='ltr'><strong>discrimen</strong></span> <span class='ocrx_word' id='word_1_336' title='bbox 1295 1917 1366 1955; x_wconf 89' lang='lat' dir='ltr'><strong>sit</strong></span> <span class='ocrx_word' id='word_1_337' title='bbox 1400 1916 1538 1955; x_wconf 89' lang='lat' dir='ltr'><strong>inter</strong></span> <span class='ocrx_word' id='word_1_338' title='bbox 1573 1916 1846 1965; x_wconf 89' lang='lat' dir='ltr'><strong>suscipere</strong></span> <span class='ocrx_word' id='word_1_339' title='bbox 1880 1921 1928 1955; x_wconf 91' lang='lat' dir='ltr'><strong>et</strong></span> <span class='ocrx_word' id='word_1_340' title='bbox 1955 1922 2209 1965; x_wconf 85' lang='lat' dir='ltr'><strong>appetere.</strong></span> <span class='ocrx_word' id='word_1_341' title='bbox 2256 1918 2433 1968; x_wconf 86' lang='lat' dir='ltr'><strong>Minime,</strong></span> 
     </span>
    </p>

    <p class='ocr_par' dir='ltr' id='par_1_5' title="bbox 10 1972 2433 2285">
     <span class='ocr_line' id='line_1_28' title="bbox 10 1972 2433 2037; baseline 0.006 -27"><span class='ocrx_word' id='word_1_342' title='bbox 10 1973 21 2037; x_wconf 49' lang='grc'><strong>1,</strong></span> <span class='ocrx_word' id='word_1_343' title='bbox 269 1982 362 2011; x_wconf 88' lang='grc'>113111</span> <span class='ocrx_word' id='word_1_344' title='bbox 391 1972 459 2021; x_wconf 89' lang='grc'>(1111</span> <span class='ocrx_word' id='word_1_345' title='bbox 494 1974 663 2024; x_wconf 84' lang='lat' dir='ltr'><strong>suscipit</strong></span> <span class='ocrx_word' id='word_1_346' title='bbox 697 1975 930 2018; x_wconf 90' lang='lat' dir='ltr'><strong>inimicitias</strong></span> <span class='ocrx_word' id='word_1_347' title='bbox 958 1979 1019 2019; x_wconf 91' lang='lat' dir='ltr'><strong>ita</strong></span> <span class='ocrx_word' id='word_1_348' title='bbox 1045 1980 1282 2030; x_wconf 86' lang='lat' dir='ltr'><strong>cogitandus</strong></span> <span class='ocrx_word' id='word_1_349' title='bbox 1310 1985 1382 2031; x_wconf 77' lang='lat' dir='ltr'><strong>est,</strong></span> <span class='ocrx_word' id='word_1_350' title='bbox 1417 1985 1464 2021; x_wconf 90' lang='lat' dir='ltr'><strong>ut</strong></span> <span class='ocrx_word' id='word_1_351' title='bbox 1492 1994 1558 2020; x_wconf 87' lang='lat' dir='ltr'><strong>eas</strong></span> <span class='ocrx_word' id='word_1_352' title='bbox 1588 1986 1787 2029; x_wconf 86' lang='lat' dir='ltr'><strong>tamquam</strong></span> <span class='ocrx_word' id='word_1_353' title='bbox 1824 1992 1923 2020; x_wconf 86' lang='lat' dir='ltr'><strong>onus</strong></span> <span class='ocrx_word' id='word_1_354' title='bbox 1955 1980 2088 2021; x_wconf 87' lang='lat' dir='ltr'><strong>officio</strong></span> <span class='ocrx_word' id='word_1_355' title='bbox 2123 1982 2350 2031; x_wconf 83' lang='lat' dir='ltr'><strong>imperante</strong></span> <span class='ocrx_word' id='word_1_356' title='bbox 2390 1984 2433 2024; x_wconf 92' lang='lat' dir='ltr'><strong>in</strong></span> 
     </span>
     <span class='ocr_line' id='line_1_29' title="bbox 269 2034 2432 2095; baseline 0.007 -22"><span class='ocrx_word' id='word_1_357' title='bbox 269 2034 454 2075; x_wconf 87' lang='lat' dir='ltr'><strong>humeros</strong></span> <span class='ocrx_word' id='word_1_358' title='bbox 487 2048 581 2077; x_wconf 89' lang='lat' dir='ltr'><strong>suos</strong></span> <span class='ocrx_word' id='word_1_359' title='bbox 616 2039 732 2088; x_wconf 88' lang='lat' dir='ltr'><strong>quasi</strong></span> <span class='ocrx_word' id='word_1_360' title='bbox 761 2040 964 2091; x_wconf 86' lang='lat' dir='ltr'><strong>imponere</strong></span> <span class='ocrx_word' id='word_1_361' title='bbox 990 2042 1189 2095; x_wconf 81' lang='lat' dir='ltr'><strong>videatur,</strong></span> <span class='ocrx_word' id='word_1_362' title='bbox 1216 2044 1285 2084; x_wconf 85' lang='lat' dir='ltr'><strong>sed</strong></span> <span class='ocrx_word' id='word_1_363' title='bbox 1315 2043 1382 2095; x_wconf 91' lang='lat' dir='ltr'><strong>qui</strong></span> <span class='ocrx_word' id='word_1_364' title='bbox 1412 2044 1569 2095; x_wconf 88' lang='lat' dir='ltr'><strong>appetit</strong></span> <span class='ocrx_word' id='word_1_365' title='bbox 1599 2043 1762 2094; x_wconf 86' lang='lat' dir='ltr'><strong>aliquid,</strong></span> <span class='ocrx_word' id='word_1_366' title='bbox 1789 2055 1877 2085; x_wconf 89' lang='lat' dir='ltr'><strong>eum</strong></span> <span class='ocrx_word' id='word_1_367' title='bbox 1906 2042 2082 2086; x_wconf 89' lang='lat' dir='ltr'><strong>libenter</strong></span> <span class='ocrx_word' id='word_1_368' title='bbox 2119 2048 2161 2087; x_wconf 90' lang='lat' dir='ltr'><strong>et</strong></span> <span class='ocrx_word' id='word_1_369' title='bbox 2187 2045 2296 2088; x_wconf 91' lang='lat' dir='ltr'><strong>ultro</strong></span> <span class='ocrx_word' id='word_1_370' title='bbox 2330 2046 2432 2089; x_wconf 90' lang='lat' dir='ltr'><strong>illud</strong></span> 
     </span>
     <span class='ocr_line' id='line_1_30' title="bbox 269 2101 2431 2160; baseline 0.007 -23"><span class='ocrx_word' id='word_1_371' title='bbox 269 2101 471 2147; x_wconf 88' lang='lat' dir='ltr'><strong>suscipere</strong></span> <span class='ocrx_word' id='word_1_372' title='bbox 490 2103 743 2150; x_wconf 90' lang='lat' dir='ltr'><strong>perspicuum</strong></span> <span class='ocrx_word' id='word_1_373' title='bbox 763 2110 834 2143; x_wconf 92' lang='lat' dir='ltr'><strong>est.</strong></span> <span class='ocrx_word' id='word_1_374' title='bbox 871 2107 1087 2146; x_wconf 88' lang='lat' dir='ltr'><strong>Praeclare</strong></span> <span class='ocrx_word' id='word_1_375' title='bbox 1105 2108 1233 2156; x_wconf 83' lang='lat' dir='ltr'><strong>igitur</strong></span> <span class='ocrx_word' id='word_1_376' title='bbox 1252 2109 1400 2156; x_wconf 90' lang='lat' dir='ltr'><strong>Cicero,</strong></span> <span class='ocrx_word' id='word_1_377' title='bbox 1414 2109 1577 2147; x_wconf 80' lang='lat' dir='ltr'><strong>Milonis</strong></span> <span class='ocrx_word' id='word_1_378' title='bbox 1597 2109 1637 2146; x_wconf 91' lang='grc'><strong>111</strong></span> <span class='ocrx_word' id='word_1_379' title='bbox 1665 2120 1706 2146; x_wconf 91' lang='lat' dir='ltr'><strong>se</strong></span> <span class='ocrx_word' id='word_1_380' title='bbox 1725 2109 1872 2146; x_wconf 86' lang='lat' dir='ltr'><strong>merita</strong></span> <span class='ocrx_word' id='word_1_381' title='bbox 1900 2110 2144 2159; x_wconf 86' lang='lat' dir='ltr'><strong>describens,</strong></span> <span class='ocrx_word' id='word_1_382' title='bbox 2172 2112 2246 2150; x_wconf 90' lang='grc'>1100</span> <span class='ocrx_word' id='word_1_383' title='bbox 2270 2113 2431 2160; x_wconf 85' lang='lat' dir='ltr'><strong>potissi·</strong></span> 
     </span>
     <span class='ocr_line' id='line_1_31' title="bbox 271 2163 2428 2223; baseline 0.006 -22"><span class='ocrx_word' id='word_1_384' title='bbox 271 2174 378 2202; x_wconf 91' lang='lat' dir='ltr'><strong>mum</strong></span> <span class='ocrx_word' id='word_1_385' title='bbox 406 2163 505 2213; x_wconf 85' lang='lat' dir='ltr'><strong>agit,</strong></span> <span class='ocrx_word' id='word_1_386' title='bbox 532 2168 579 2204; x_wconf 91' lang='lat' dir='ltr'><strong>ut</strong></span> <span class='ocrx_word' id='word_1_387' title='bbox 603 2165 781 2207; x_wconf 87' lang='lat' dir='ltr'><strong>declaret</strong></span> <span class='ocrx_word' id='word_1_388' title='bbox 807 2181 925 2217; x_wconf 89' lang='lat' dir='ltr'><strong>quam</strong></span> <span class='ocrx_word' id='word_1_389' title='bbox 954 2174 1097 2219; x_wconf 91' lang='lat' dir='ltr'><strong>parato</strong></span> <span class='ocrx_word' id='word_1_390' title='bbox 1126 2171 1259 2211; x_wconf 89' lang='lat' dir='ltr'><strong>animo</strong></span> <span class='ocrx_word' id='word_1_391' title='bbox 1287 2185 1333 2211; x_wconf 89' lang='lat' dir='ltr'><strong>ac</strong></span> <span class='ocrx_word' id='word_1_392' title='bbox 1361 2178 1543 2221; x_wconf 88' lang='lat' dir='ltr'><strong>prompto</strong></span> <span class='ocrx_word' id='word_1_393' title='bbox 1573 2172 1696 2212; x_wconf 89' lang='lat' dir='ltr'><strong>fuerit</strong></span> <span class='ocrx_word' id='word_1_394' title='bbox 1715 2172 1813 2211; x_wconf 90' lang='lat' dir='ltr'><strong>Milo</strong></span> <span class='ocrx_word' id='word_1_395' title='bbox 1835 2172 1878 2211; x_wconf 92' lang='lat' dir='ltr'><strong>in</strong></span> <span class='ocrx_word' id='word_1_396' title='bbox 1896 2172 2106 2214; x_wconf 90' lang='lat' dir='ltr'><strong>laboribus</strong></span> <span class='ocrx_word' id='word_1_397' title='bbox 2124 2187 2196 2223; x_wconf 89' lang='lat' dir='ltr'><strong>pro</strong></span> <span class='ocrx_word' id='word_1_398' title='bbox 2225 2175 2428 2216; x_wconf 89' lang='lat' dir='ltr'><strong>Ciceronis</strong></span> 
     </span>
     <span class='ocr_line' id='line_1_32' title="bbox 269 2226 1896 2285; baseline 0.007 -21"><span class='ocrx_word' id='word_1_399' title='bbox 269 2226 401 2265; x_wconf 89' lang='lat' dir='ltr'><strong>salute</strong></span> <span class='ocrx_word' id='word_1_400' title='bbox 429 2229 674 2279; x_wconf 88' lang='lat' dir='ltr'><strong>oppetendis,</strong></span> <span class='ocrx_word' id='word_1_401' title='bbox 702 2231 807 2279; x_wconf 89' lang='lat' dir='ltr'><strong>quod</strong></span> <span class='ocrx_word' id='word_1_402' title='bbox 833 2235 880 2270; x_wconf 93' lang='lat' dir='ltr'><strong>ut</strong></span> <span class='ocrx_word' id='word_1_403' title='bbox 907 2232 1090 2273; x_wconf 86' lang='lat' dir='ltr'><strong>facerent</strong></span> <span class='ocrx_word' id='word_1_404' title='bbox 1118 2234 1242 2274; x_wconf 87' lang='lat' dir='ltr'><strong>ceteri</strong></span> <span class='ocrx_word' id='word_1_405' title='bbox 1269 2247 1388 2285; x_wconf 85' lang='lat' dir='ltr'><strong>aegre</strong></span> <span class='ocrx_word' id='word_1_406' title='bbox 1414 2239 1572 2276; x_wconf 88' lang='lat' dir='ltr'><strong>tautum</strong></span> <span class='ocrx_word' id='word_1_407' title='bbox 1600 2235 1764 2275; x_wconf 84' lang='lat' dir='ltr'><strong>adducti</strong></span> <span class='ocrx_word' id='word_1_408' title='bbox 1791 2239 1896 2276; x_wconf 90' lang='lat' dir='ltr'><strong>sunt.</strong></span> 
     </span>
    </p>

    <p class='ocr_par' dir='ltr' id='par_1_6' title="bbox 0 2291 2760 2603">
     <span class='ocr_line' id='line_1_33' title="bbox 398 2291 2515 2364; baseline 0.008 -36"><span class='ocrx_word' id='word_1_409' title='bbox 398 2291 553 2329; x_wconf 88' lang='lat' dir='ltr'><strong>Deinde</strong></span> <span class='ocrx_word' id='word_1_410' title='bbox 582 2304 669 2330; x_wconf 89' lang='lat' dir='ltr'><strong>cum</strong></span> <span class='ocrx_word' id='word_1_411' title='bbox 704 2294 870 2332; x_wconf 85' lang='lat' dir='ltr'><strong>offendit</strong></span> <span class='ocrx_word' id='word_1_412' title='bbox 907 2297 961 2334; x_wconf 90' lang='lat' dir='ltr'><strong>M.</strong></span> <span class='ocrx_word' id='word_1_413' title='bbox 998 2298 1049 2334; x_wconf 92' lang='lat' dir='ltr'><strong>ad</strong></span> <span class='ocrx_word' id='word_1_414' title='bbox 1083 2309 1115 2335; x_wconf 91' lang='grc'><strong>0.</strong></span> <span class='ocrx_word' id='word_1_415' title='bbox 1143 2298 1179 2334; x_wconf 87' lang='lat' dir='ltr'>V</span> <span class='ocrx_word' id='word_1_416' title='bbox 1209 2300 1230 2347; x_wconf 62' lang='grc' dir='ltr'>ξ</span> <span class='ocrx_word' id='word_1_417' title='bbox 1262 2303 1310 2335; x_wconf 81' lang='grc'><strong>10</strong></span> <span class='ocrx_word' id='word_1_418' title='bbox 1340 2300 1380 2337; x_wconf 90' lang='grc'><strong>111</strong></span> <span class='ocrx_word' id='word_1_419' title='bbox 1420 2300 1629 2347; x_wconf 86' lang='grc'>10011110110,</span> <span class='ocrx_word' id='word_1_420' title='bbox 1656 2310 1935 2347; x_wconf 88' lang='lat' dir='ltr'><strong>„praemonere</strong></span> <span class='ocrx_word' id='word_1_421' title='bbox 1963 2300 2013 2338; x_wconf 90' lang='lat' dir='ltr'><strong>de</strong></span> <span class='ocrx_word' id='word_1_422' title='bbox 2040 2302 2191 2339; x_wconf 89' lang='lat' dir='ltr'><strong>scelere</strong></span> <span class='ocrx_word' id='word_1_423' title='bbox 2219 2313 2267 2340; x_wconf 88' lang='lat' dir='ltr'><strong>ac</strong></span> <span class='ocrx_word' id='word_1_424' title='bbox 2293 2303 2431 2344; x_wconf 87' lang='lat' dir='ltr'><strong>furore</strong></span> <span class='ocrx_word' id='word_1_425' title='bbox 2479 2314 2515 2364; x_wconf 66' lang='grc' dir='ltr'><strong>ι)</strong></span> 
     </span>
     <span class='ocr_line' id='line_1_34' title="bbox 267 2351 2759 2415; baseline 0.009 -25"><span class='ocrx_word' id='word_1_426' title='bbox 267 2351 473 2403; x_wconf 83' lang='lat' dir='ltr'><strong>alicujus“,</strong></span> <span class='ocrx_word' id='word_1_427' title='bbox 498 2353 684 2402; x_wconf 89' lang='lat' dir='ltr'><strong>quoniam</strong></span> <span class='ocrx_word' id='word_1_428' title='bbox 704 2367 964 2405; x_wconf 90' lang='lat' dir='ltr'><strong>praemonere</strong></span> <span class='ocrx_word' id='word_1_429' title='bbox 982 2359 1031 2399; x_wconf 89' lang='lat' dir='ltr'><strong>de</strong></span> <span class='ocrx_word' id='word_1_430' title='bbox 1052 2361 1170 2400; x_wconf 91' lang='lat' dir='ltr'><strong>rebus</strong></span> <span class='ocrx_word' id='word_1_431' title='bbox 1188 2364 1345 2401; x_wconf 88' lang='lat' dir='ltr'><strong>tantum</strong></span> <span class='ocrx_word' id='word_1_432' title='bbox 1365 2363 1513 2403; x_wconf 86' lang='lat' dir='ltr'><strong>futuris</strong></span> <span class='ocrx_word' id='word_1_433' title='bbox 1534 2362 1612 2402; x_wconf 92' lang='lat' dir='ltr'><strong>dici</strong></span> <span class='ocrx_word' id='word_1_434' title='bbox 1632 2361 1769 2411; x_wconf 86' lang='lat' dir='ltr'><strong>possit,</strong></span> <span class='ocrx_word' id='word_1_435' title='bbox 1795 2374 1819 2401; x_wconf 92' lang='lat' dir='ltr'><strong>a</strong></span> <span class='ocrx_word' id='word_1_436' title='bbox 1837 2362 2057 2403; x_wconf 87' lang='lat' dir='ltr'><strong>sceleribus</strong></span> <span class='ocrx_word' id='word_1_437' title='bbox 2076 2376 2173 2404; x_wconf 89' lang='lat' dir='ltr'><strong>vero</strong></span> <span class='ocrx_word' id='word_1_438' title='bbox 2189 2365 2430 2415; x_wconf 88' lang='lat' dir='ltr'><strong>jampridem</strong></span> <span class='ocrx_word' id='word_1_439' title='bbox 2734 2402 2759 2412; x_wconf 66' lang='lat'><strong>-,</strong></span> 
     </span>
     <span class='ocr_line' id='line_1_35' title="bbox 267 2416 2760 2476; baseline 0.008 -22"><span class='ocrx_word' id='word_1_440' title='bbox 267 2416 486 2456; x_wconf 84' lang='lat' dir='ltr'><strong>commissis</strong></span> <span class='ocrx_word' id='word_1_441' title='bbox 504 2418 700 2459; x_wconf 91' lang='lat' dir='ltr'><strong>neminem</strong></span> <span class='ocrx_word' id='word_1_442' title='bbox 716 2420 800 2471; x_wconf 76' lang='lat' dir='ltr'><strong>Jam</strong></span> <span class='ocrx_word' id='word_1_443' title='bbox 822 2432 935 2472; x_wconf 87' lang='lat' dir='ltr'><strong>posse</strong></span> <span class='ocrx_word' id='word_1_444' title='bbox 955 2434 1098 2464; x_wconf 86' lang='lat' dir='ltr'><strong>cavere</strong></span> <span class='ocrx_word' id='word_1_445' title='bbox 1117 2425 1374 2466; x_wconf 86' lang='lat' dir='ltr'><strong>manifestum</strong></span> <span class='ocrx_word' id='word_1_446' title='bbox 1393 2426 1458 2476; x_wconf 87' lang='lat' dir='ltr'><strong>sit,</strong></span> <span class='ocrx_word' id='word_1_447' title='bbox 1486 2427 1672 2476; x_wconf 86' lang='lat' dir='ltr'><strong>ignorare</strong></span> <span class='ocrx_word' id='word_1_448' title='bbox 1699 2426 1863 2466; x_wconf 74' lang='lat' dir='ltr'><strong>videtur</strong></span> <span class='ocrx_word' id='word_1_449' title='bbox 1883 2438 2021 2467; x_wconf 88' lang='lat' dir='ltr'><strong>vocem</strong></span> <span class='ocrx_word' id='word_1_450' title='bbox 2048 2428 2212 2469; x_wconf 89' lang='lat' dir='ltr'><strong>sceleris</strong></span> <span class='ocrx_word' id='word_1_451' title='bbox 2239 2442 2430 2472; x_wconf 91' lang='lat' dir='ltr'><strong>nonnum·</strong></span> <span class='ocrx_word' id='word_1_452' title='bbox 2720 2432 2725 2436; x_wconf 81' lang='grc'><strong>“</strong></span> <span class='ocrx_word' id='word_1_453' title='bbox 2757 2437 2760 2443; x_wconf 68' lang='lat'><strong>⁴</strong></span> 
     </span>
     <span class='ocr_line' id='line_1_36' title="bbox 0 2451 2760 2589; baseline 0.008 -74"><span class='ocrx_word' id='word_1_454' title='bbox 0 2485 7 2549; x_wconf 49' lang='grc'><strong>1</strong></span> <span class='ocrx_word' id='word_1_455' title='bbox 267 2490 386 2527; x_wconf 87' lang='grc'>(1113111</span> <span class='ocrx_word' id='word_1_456' title='bbox 413 2481 531 2529; x_wconf 91' lang='lat' dir='ltr'><strong>plane</strong></span> <span class='ocrx_word' id='word_1_457' title='bbox 560 2481 663 2521; x_wconf 92' lang='lat' dir='ltr'><strong>idem</strong></span> <span class='ocrx_word' id='word_1_458' title='bbox 692 2484 829 2523; x_wconf 88' lang='lat' dir='ltr'><strong>valere</strong></span> <span class='ocrx_word' id='word_1_459' title='bbox 854 2489 977 2534; x_wconf 89' lang='lat' dir='ltr'><strong>atque</strong></span> <span class='ocrx_word' id='word_1_460' title='bbox 1004 2487 1202 2538; x_wconf 89' lang='lat' dir='ltr'><strong>impietas,</strong></span> <span class='ocrx_word' id='word_1_461' title='bbox 1238 2489 1393 2528; x_wconf 88' lang='lat' dir='ltr'><strong>animus</strong></span> <span class='ocrx_word' id='word_1_462' title='bbox 1421 2491 1623 2538; x_wconf 88' lang='lat' dir='ltr'><strong>scelestus,</strong></span> <span class='ocrx_word' id='word_1_463' title='bbox 1658 2490 1763 2538; x_wconf 87' lang='lat' dir='ltr'><strong>quod</strong></span> <span class='ocrx_word' id='word_1_464' title='bbox 1798 2489 1937 2529; x_wconf 88' lang='lat' dir='ltr'><strong>multis</strong></span> <span class='ocrx_word' id='word_1_465' title='bbox 1972 2490 2072 2531; x_wconf 88' lang='lat' dir='ltr'><strong>locis</strong></span> <span class='ocrx_word' id='word_1_466' title='bbox 2099 2491 2303 2533; x_wconf 88' lang='lat' dir='ltr'><strong>Ciceronis</strong></span> <span class='ocrx_word' id='word_1_467' title='bbox 2338 2507 2429 2535; x_wconf 90' lang='lat' dir='ltr'><strong>con·</strong></span> <span class='ocrx_word' id='word_1_468' title='bbox 2703 2451 2760 2589; x_wconf 53' lang='grc' dir='ltr'><strong>Ὶ</strong></span> 
     </span>
     <span class='ocr_line' id='line_1_37' title="bbox 0 2542 2427 2603; baseline 0.006 -22"><span class='ocrx_word' id='word_1_469' title='bbox 0 2553 1 2561; x_wconf 63' lang='grc'>’</span> <span class='ocrx_word' id='word_1_470' title='bbox 266 2542 452 2583; x_wconf 90' lang='lat' dir='ltr'><strong>firmatur</strong></span> <span class='ocrx_word' id='word_1_471' title='bbox 476 2544 524 2583; x_wconf 88' lang='lat' dir='ltr'><strong>cf.</strong></span> <span class='ocrx_word' id='word_1_472' title='bbox 551 2557 587 2594; x_wconf 90' lang='lat' dir='ltr'><strong>p.</strong></span> <span class='ocrx_word' id='word_1_473' title='bbox 614 2545 715 2586; x_wconf 85' lang='lat' dir='ltr'><strong>Sest.</strong></span> <span class='ocrx_word' id='word_1_474' title='bbox 742 2550 779 2597; x_wconf 90' lang='grc'><strong>4,</strong></span> <span class='ocrx_word' id='word_1_475' title='bbox 809 2552 869 2598; x_wconf 89' lang='lat'><strong>14,</strong></span> <span class='ocrx_word' id='word_1_476' title='bbox 895 2554 956 2599; x_wconf 88' lang='grc'><strong>22,</strong></span> <span class='ocrx_word' id='word_1_477' title='bbox 985 2554 1033 2590; x_wconf 88' lang='lat'><strong>53</strong></span> <span class='ocrx_word' id='word_1_478' title='bbox 1061 2550 1104 2590; x_wconf 92' lang='lat' dir='ltr'><strong>in</strong></span> <span class='ocrx_word' id='word_1_479' title='bbox 1133 2553 1217 2592; x_wconf 89' lang='lat' dir='ltr'><strong>Cat.</strong></span> <span class='ocrx_word' id='word_1_480' title='bbox 1239 2554 1270 2592; x_wconf 92' lang='grc' dir='ltr'><strong>Ι.</strong></span> <span class='ocrx_word' id='word_1_481' title='bbox 1299 2554 1332 2603; x_wconf 67' lang='grc' dir='ltr'><strong>ξ.</strong></span> <span class='ocrx_word' id='word_1_482' title='bbox 1360 2557 1395 2602; x_wconf 83' lang='grc'><strong>8,</strong></span> <span class='ocrx_word' id='word_1_483' title='bbox 1414 2554 1467 2592; x_wconf 91' lang='grc' dir='ltr'><strong>ΙΙ.</strong></span> <span class='ocrx_word' id='word_1_484' title='bbox 1496 2555 1530 2603; x_wconf 67' lang='grc' dir='ltr'><strong>ξ.</strong></span> <span class='ocrx_word' id='word_1_485' title='bbox 1559 2557 1618 2601; x_wconf 94' lang='grc'><strong>11,</strong></span> <span class='ocrx_word' id='word_1_486' title='bbox 1639 2557 1700 2592; x_wconf 87' lang='grc'><strong>25.</strong></span> <span class='ocrx_word' id='word_1_487' title='bbox 1755 2553 1804 2592; x_wconf 87' lang='grc' dir='ltr'><strong>Ι11</strong></span> <span class='ocrx_word' id='word_1_488' title='bbox 1838 2552 1980 2601; x_wconf 89' lang='lat' dir='ltr'><strong>primis</strong></span> <span class='ocrx_word' id='word_1_489' title='bbox 2008 2555 2138 2595; x_wconf 86' lang='lat' dir='ltr'><strong>scelus</strong></span> <span class='ocrx_word' id='word_1_490' title='bbox 2175 2569 2223 2596; x_wconf 91' lang='lat' dir='ltr'><strong>ac</strong></span> <span class='ocrx_word' id='word_1_491' title='bbox 2250 2557 2427 2598; x_wconf 87' lang='lat' dir='ltr'><strong>furorem</strong></span> 
     </span>
    </p>

    <p class='ocr_par' dir='ltr' id='par_1_7' title="bbox 262 2606 2427 2732">
     <span class='ocr_line' id='line_1_38' title="bbox 262 2606 2427 2673; baseline 0.009 -29"><span class='ocrx_word' id='word_1_492' title='bbox 262 2606 367 2646; x_wconf 89' lang='lat' dir='ltr'><strong>solet</strong></span> <span class='ocrx_word' id='word_1_493' title='bbox 385 2606 523 2646; x_wconf 88' lang='lat' dir='ltr'><strong>Cicero</strong></span> <span class='ocrx_word' id='word_1_494' title='bbox 546 2609 725 2650; x_wconf 89' lang='lat' dir='ltr'><strong>tribuere</strong></span> <span class='ocrx_word' id='word_1_495' title='bbox 743 2611 969 2653; x_wconf 88' lang='lat' dir='ltr'><strong>hominibus</strong></span> <span class='ocrx_word' id='word_1_496' title='bbox 988 2613 1155 2656; x_wconf 79' lang='lat' dir='ltr'><strong>nefariis</strong></span> <span class='ocrx_word' id='word_1_497' title='bbox 1182 2609 1229 2656; x_wconf 89' lang='lat' dir='ltr'><strong>ac</strong></span> <span class='ocrx_word' id='word_1_498' title='bbox 1253 2617 1443 2666; x_wconf 87' lang='lat' dir='ltr'><strong>scelestis.</strong></span> <span class='ocrx_word' id='word_1_499' title='bbox 1472 2617 1578 2657; x_wconf 83' lang='lat' dir='ltr'><strong>sicut</strong></span> <span class='ocrx_word' id='word_1_500' title='bbox 1595 2616 1718 2657; x_wconf 89' lang='lat' dir='ltr'><strong>Verri</strong></span> <span class='ocrx_word' id='word_1_501' title='bbox 1747 2615 1791 2657; x_wconf 91' lang='lat' dir='ltr'><strong>in</strong></span> <span class='ocrx_word' id='word_1_502' title='bbox 1811 2615 1928 2657; x_wconf 89' lang='lat' dir='ltr'><strong>Verr.</strong></span> <span class='ocrx_word' id='word_1_503' title='bbox 1948 2617 2011 2668; x_wconf 91' lang='lat' dir='ltr'><strong>X.,</strong></span> <span class='ocrx_word' id='word_1_504' title='bbox 2040 2619 2074 2670; x_wconf 65' lang='grc' dir='ltr'><strong>ξ.</strong></span> <span class='ocrx_word' id='word_1_505' title='bbox 2106 2622 2194 2670; x_wconf 92' lang='grc'>161,</span> <span class='ocrx_word' id='word_1_506' title='bbox 2216 2619 2427 2673; x_wconf 85' lang='lat' dir='ltr'><strong>Catilinae,</strong></span> 
     </span>
     <span class='ocr_line' id='line_1_39' title="bbox 265 2670 2181 2732; baseline 0.007 -24"><span class='ocrx_word' id='word_1_507' title='bbox 265 2670 308 2709; x_wconf 90' lang='lat' dir='ltr'><strong>in</strong></span> <span class='ocrx_word' id='word_1_508' title='bbox 335 2671 420 2709; x_wconf 87' lang='lat' dir='ltr'><strong>Cat.</strong></span> <span class='ocrx_word' id='word_1_509' title='bbox 446 2671 479 2721; x_wconf 91' lang='lat' dir='ltr'><strong>I,</strong></span> <span class='ocrx_word' id='word_1_510' title='bbox 506 2673 528 2721; x_wconf 63' lang='grc' dir='ltr'>ξ</span> <span class='ocrx_word' id='word_1_511' title='bbox 559 2677 618 2723; x_wconf 87' lang='grc'><strong>15,</strong></span> <span class='ocrx_word' id='word_1_512' title='bbox 646 2675 897 2716; x_wconf 88' lang='lat' dir='ltr'><strong>Catilinariis</strong></span> <span class='ocrx_word' id='word_1_513' title='bbox 925 2678 967 2721; x_wconf 87' lang='lat' dir='ltr'><strong>in</strong></span> <span class='ocrx_word' id='word_1_514' title='bbox 996 2679 1081 2719; x_wconf 91' lang='lat' dir='ltr'><strong>Cat.</strong></span> <span class='ocrx_word' id='word_1_515' title='bbox 1107 2678 1183 2719; x_wconf 91' lang='grc' dir='ltr'>ΙΙΙ.</span> <span class='ocrx_word' id='word_1_516' title='bbox 1211 2681 1233 2730; x_wconf 65' lang='grc' dir='ltr'>ξ</span> <span class='ocrx_word' id='word_1_517' title='bbox 1262 2684 1298 2729; x_wconf 89' lang='grc'><strong>4,</strong></span> <span class='ocrx_word' id='word_1_518' title='bbox 1323 2681 1494 2720; x_wconf 85' lang='lat' dir='ltr'><strong>Gabinio</strong></span> <span class='ocrx_word' id='word_1_519' title='bbox 1524 2686 1565 2720; x_wconf 90' lang='lat' dir='ltr'><strong>et</strong></span> <span class='ocrx_word' id='word_1_520' title='bbox 1593 2681 1733 2720; x_wconf 92' lang='lat' dir='ltr'><strong>Pisoni</strong></span> <span class='ocrx_word' id='word_1_521' title='bbox 1761 2681 1803 2720; x_wconf 93' lang='lat' dir='ltr'><strong>in</strong></span> <span class='ocrx_word' id='word_1_522' title='bbox 1832 2681 1913 2720; x_wconf 88' lang='lat' dir='ltr'><strong>Pis.</strong></span> <span class='ocrx_word' id='word_1_523' title='bbox 1941 2681 2038 2721; x_wconf 87' lang='lat' dir='ltr'><strong>XII.</strong></span> <span class='ocrx_word' id='word_1_524' title='bbox 2067 2683 2089 2732; x_wconf 67' lang='grc' dir='ltr'>ξ</span> <span class='ocrx_word' id='word_1_525' title='bbox 2119 2686 2181 2722; x_wconf 88' lang='grc'><strong>26.</strong></span> 
     </span>
    </p>

    <p class='ocr_par' dir='ltr' id='par_1_8' title="bbox 261 2735 2507 2987">
     <span class='ocr_line' id='line_1_40' title="bbox 394 2735 2507 2808; baseline 0.007 -34"><span class='ocrx_word' id='word_1_526' title='bbox 394 2735 494 2774; x_wconf 84' lang='lat' dir='ltr'><strong>Tum</strong></span> <span class='ocrx_word' id='word_1_527' title='bbox 518 2747 643 2784; x_wconf 86' lang='lat' dir='ltr'><strong>prave</strong></span> <span class='ocrx_word' id='word_1_528' title='bbox 670 2738 811 2778; x_wconf 89' lang='lat' dir='ltr'><strong>addita</strong></span> <span class='ocrx_word' id='word_1_529' title='bbox 835 2752 921 2779; x_wconf 90' lang='lat' dir='ltr'><strong>esse</strong></span> <span class='ocrx_word' id='word_1_530' title='bbox 948 2746 1067 2791; x_wconf 89' lang='lat' dir='ltr'><strong>putat</strong></span> <span class='ocrx_word' id='word_1_531' title='bbox 1093 2743 1146 2782; x_wconf 92' lang='lat' dir='ltr'><strong>M.</strong></span> <span class='ocrx_word' id='word_1_532' title='bbox 1176 2743 1217 2782; x_wconf 93' lang='lat' dir='ltr'><strong>in</strong></span> <span class='ocrx_word' id='word_1_533' title='bbox 1245 2756 1275 2783; x_wconf 93' lang='grc'><strong>0.</strong></span> <span class='ocrx_word' id='word_1_534' title='bbox 1304 2744 1418 2793; x_wconf 88' lang='lat' dir='ltr'><strong>VIII,</strong></span> <span class='ocrx_word' id='word_1_535' title='bbox 1445 2745 1466 2794; x_wconf 66' lang='grc' dir='ltr'>ξ</span> <span class='ocrx_word' id='word_1_536' title='bbox 1498 2748 1544 2782; x_wconf 91' lang='grc'><strong>17</strong></span> <span class='ocrx_word' id='word_1_537' title='bbox 1575 2746 1716 2784; x_wconf 84' lang='lat' dir='ltr'><strong>verba:</strong></span> <span class='ocrx_word' id='word_1_538' title='bbox 1753 2749 1810 2784; x_wconf 87' lang='lat' dir='ltr'><strong>ut</strong></span> <span class='ocrx_word' id='word_1_539' title='bbox 1835 2745 2034 2794; x_wconf 86' lang='lat' dir='ltr'><strong>opinor,</strong></span> <span class='ocrx_word' id='word_1_540' title='bbox 2071 2747 2259 2795; x_wconf 88' lang='lat' dir='ltr'><strong>quoniam</strong></span> <span class='ocrx_word' id='word_1_541' title='bbox 2287 2749 2426 2789; x_wconf 87' lang='lat' dir='ltr'><strong>Cicero</strong></span> <span class='ocrx_word' id='word_1_542' title='bbox 2472 2757 2507 2808; x_wconf 83' lang='lat'><strong>⁵)</strong></span> 
     </span>
     <span class='ocr_line' id='line_1_41' title="bbox 263 2796 2427 2859; baseline 0.007 -22"><span class='ocrx_word' id='word_1_543' title='bbox 263 2796 555 2847; x_wconf 87' lang='lat' dir='ltr'><strong>ingemescendi</strong></span> <span class='ocrx_word' id='word_1_544' title='bbox 582 2802 823 2843; x_wconf 89' lang='lat' dir='ltr'><strong>mentionem</strong></span> <span class='ocrx_word' id='word_1_545' title='bbox 859 2803 993 2845; x_wconf 86' lang='lat' dir='ltr'><strong>facere</strong></span> <span class='ocrx_word' id='word_1_546' title='bbox 1028 2817 1108 2846; x_wconf 89' lang='lat' dir='ltr'><strong>non</strong></span> <span class='ocrx_word' id='word_1_547' title='bbox 1136 2807 1348 2857; x_wconf 87' lang='lat' dir='ltr'><strong>potuisset,</strong></span> <span class='ocrx_word' id='word_1_548' title='bbox 1383 2808 1459 2848; x_wconf 80' lang='lat' dir='ltr'><strong>nisi</strong></span> <span class='ocrx_word' id='word_1_549' title='bbox 1496 2808 1597 2849; x_wconf 91' lang='lat' dir='ltr'><strong>illud</strong></span> <span class='ocrx_word' id='word_1_550' title='bbox 1642 2809 1728 2859; x_wconf 89' lang='lat' dir='ltr'><strong>ipse</strong></span> <span class='ocrx_word' id='word_1_551' title='bbox 1762 2808 2129 2851; x_wconf 82' lang='lat' dir='ltr'><strong>animadvertisset.</strong></span> <span class='ocrx_word' id='word_1_552' title='bbox 2182 2810 2253 2852; x_wconf 89' lang='lat' dir='ltr'><strong>Sin</strong></span> <span class='ocrx_word' id='word_1_553' title='bbox 2290 2818 2427 2854; x_wconf 89' lang='lat' dir='ltr'><strong>autem</strong></span> 
     </span>
     <span class='ocr_line' id='line_1_42' title="bbox 262 2861 2425 2920; baseline 0.008 -21"><span class='ocrx_word' id='word_1_554' title='bbox 262 2861 498 2913; x_wconf 87' lang='lat' dir='ltr'><strong>audivisset,</strong></span> <span class='ocrx_word' id='word_1_555' title='bbox 525 2875 603 2903; x_wconf 92' lang='lat' dir='ltr'><strong>non</strong></span> <span class='ocrx_word' id='word_1_556' title='bbox 631 2865 811 2906; x_wconf 90' lang='lat' dir='ltr'><strong>licuisset</strong></span> <span class='ocrx_word' id='word_1_557' title='bbox 839 2867 875 2907; x_wconf 92' lang='lat' dir='ltr'><strong>ei</strong></span> <span class='ocrx_word' id='word_1_558' title='bbox 903 2868 1052 2909; x_wconf 90' lang='lat' dir='ltr'><strong>dicere:</strong></span> <span class='ocrx_word' id='word_1_559' title='bbox 1082 2870 1239 2920; x_wconf 85' lang='lat' dir='ltr'><strong>opinari</strong></span> <span class='ocrx_word' id='word_1_560' title='bbox 1268 2875 1423 2912; x_wconf 86' lang='lat' dir='ltr'><strong>tantum</strong></span> <span class='ocrx_word' id='word_1_561' title='bbox 1453 2885 1540 2912; x_wconf 84' lang='lat' dir='ltr'><strong>sese</strong></span> <span class='ocrx_word' id='word_1_562' title='bbox 1563 2873 1767 2914; x_wconf 76' lang='lat' dir='ltr'><strong>audivisse</strong></span> <span class='ocrx_word' id='word_1_563' title='bbox 1790 2873 1902 2913; x_wconf 90' lang='lat' dir='ltr'><strong>illud.</strong></span> <span class='ocrx_word' id='word_1_564' title='bbox 1948 2874 2006 2914; x_wconf 92' lang='lat' dir='ltr'><strong>At</strong></span> <span class='ocrx_word' id='word_1_565' title='bbox 2030 2875 2132 2915; x_wconf 88' lang='lat' dir='ltr'><strong>bene</strong></span> <span class='ocrx_word' id='word_1_566' title='bbox 2150 2875 2267 2916; x_wconf 87' lang='lat' dir='ltr'><strong>novit</strong></span> <span class='ocrx_word' id='word_1_567' title='bbox 2286 2876 2425 2917; x_wconf 89' lang='lat' dir='ltr'><strong>Cicero</strong></span> 
     </span>
     <span class='ocr_line' id='line_1_43' title="bbox 261 2925 2429 2987; baseline 0.008 -24"><span class='ocrx_word' id='word_1_568' title='bbox 261 2925 358 2973; x_wconf 88' lang='lat' dir='ltr'><strong>quid</strong></span> <span class='ocrx_word' id='word_1_569' title='bbox 385 2926 441 2965; x_wconf 89' lang='lat' dir='ltr'><strong>sit</strong></span> <span class='ocrx_word' id='word_1_570' title='bbox 467 2928 629 2977; x_wconf 85' lang='lat' dir='ltr'><strong>factum,</strong></span> <span class='ocrx_word' id='word_1_571' title='bbox 672 2931 741 2969; x_wconf 86' lang='lat' dir='ltr'><strong>sed</strong></span> <span class='ocrx_word' id='word_1_572' title='bbox 770 2931 919 2972; x_wconf 91' lang='lat' dir='ltr'><strong>Meerd.</strong></span> <span class='ocrx_word' id='word_1_573' title='bbox 956 2933 1118 2982; x_wconf 84' lang='lat' dir='ltr'><strong>ignorat</strong></span> <span class='ocrx_word' id='word_1_574' title='bbox 1153 2935 1379 2974; x_wconf 88' lang='lat' dir='ltr'><strong>Ciceronem</strong></span> <span class='ocrx_word' id='word_1_575' title='bbox 1415 2936 1574 2984; x_wconf 82' lang='lat' dir='ltr'><strong>saepius</strong></span> <span class='ocrx_word' id='word_1_576' title='bbox 1610 2937 1651 2976; x_wconf 89' lang='grc'><strong>111</strong></span> <span class='ocrx_word' id='word_1_577' title='bbox 1689 2938 1913 2978; x_wconf 88' lang='lat' dir='ltr'><strong>referendis</strong></span> <span class='ocrx_word' id='word_1_578' title='bbox 1948 2939 2079 2987; x_wconf 88' lang='lat' dir='ltr'><strong>rebus,</strong></span> <span class='ocrx_word' id='word_1_579' title='bbox 2132 2951 2232 2987; x_wconf 86' lang='lat' dir='ltr'><strong>quas</strong></span> <span class='ocrx_word' id='word_1_580' title='bbox 2260 2952 2338 2980; x_wconf 92' lang='lat' dir='ltr'><strong>non</strong></span> <span class='ocrx_word' id='word_1_581' title='bbox 2368 2942 2429 2980; x_wconf 91' lang='lat' dir='ltr'><strong>ita</strong></span> 
     </span>
    </p>
   </div>
   <div class='ocr_carea' id='block_1_3' title="bbox 0 0 2760 687">
    <p class='ocr_par' dir='ltr' id='par_1_9' title="bbox 0 0 2760 687">
     <span class='ocr_line' id='line_1_44' title="bbox 0 0 2760 687; baseline 0 0"><span class='ocrx_word' id='word_1_582' title='bbox 0 0 803 316; x_wconf 95' lang='lat' dir='ltr'><strong> </strong></span> <span class='ocrx_word' id='word_1_583' title='bbox 2691 253 2760 687; x_wconf 95' lang='lat' dir='ltr'><strong> </strong></span> 
     </span>
    </p>
   </div>
   <div class='ocr_carea' id='block_1_4' title="bbox 261 3026 512 3034">
    <p class='ocr_par' dir='ltr' id='par_1_10' title="bbox 261 3026 512 3034">
     <span class='ocr_line' id='line_1_45' title="bbox 261 3026 512 3034; baseline 0 420"><span class='ocrx_word' id='word_1_584' title='bbox 261 3026 512 3034; x_wconf 95' lang='lat' dir='ltr'><strong> </strong></span> 
     </span>
    </p>
   </div>
   <div class='ocr_carea' id='block_1_5' title="bbox 347 3085 2379 3186">
    <p class='ocr_par' dir='ltr' id='par_1_11' title="bbox 347 3085 2379 3186">
     <span class='ocr_line' id='line_1_46' title="bbox 351 3085 956 3129; baseline 0.013 -13"><span class='ocrx_word' id='word_1_585' title='bbox 351 3085 377 3123; x_wconf 91' lang='lat'><strong>¹)</strong></span> <span class='ocrx_word' id='word_1_586' title='bbox 401 3087 518 3120; x_wconf 81' lang='lat' dir='ltr'><strong>Meerd.</strong></span> <span class='ocrx_word' id='word_1_587' title='bbox 543 3098 572 3126; x_wconf 87' lang='lat' dir='ltr'><strong>p.</strong></span> <span class='ocrx_word' id='word_1_588' title='bbox 596 3092 646 3120; x_wconf 83' lang='lat'><strong>48.</strong></span> <span class='ocrx_word' id='word_1_589' title='bbox 692 3089 721 3128; x_wconf 86' lang='lat'><strong>²)</strong></span> <span class='ocrx_word' id='word_1_590' title='bbox 746 3092 829 3120; x_wconf 87' lang='lat' dir='ltr'><strong>idem</strong></span> <span class='ocrx_word' id='word_1_591' title='bbox 852 3100 882 3129; x_wconf 84' lang='lat' dir='ltr'><strong>p.</strong></span> <span class='ocrx_word' id='word_1_592' title='bbox 905 3095 956 3125; x_wconf 82' lang='lat'><strong>50.</strong></span> 
     </span>
     <span class='ocr_line' id='line_1_47' title="bbox 347 3138 2379 3186; baseline 0.009 -18"><span class='ocrx_word' id='word_1_593' title='bbox 347 3138 378 3177; x_wconf 84' lang='lat'><strong>⁴)</strong></span> <span class='ocrx_word' id='word_1_594' title='bbox 402 3140 517 3170; x_wconf 78' lang='lat' dir='ltr'><strong>Meerd.</strong></span> <span class='ocrx_word' id='word_1_595' title='bbox 542 3150 571 3178; x_wconf 90' lang='lat' dir='ltr'><strong>p.</strong></span> <span class='ocrx_word' id='word_1_596' title='bbox 596 3144 646 3171; x_wconf 84' lang='lat'><strong>53.</strong></span> <span class='ocrx_word' id='word_1_597' title='bbox 672 3141 700 3179; x_wconf 84' lang='lat'><strong>⁵)</strong></span> <span class='ocrx_word' id='word_1_598' title='bbox 722 3144 804 3172; x_wconf 78' lang='lat' dir='ltr'><strong>idem</strong></span> <span class='ocrx_word' id='word_1_599' title='bbox 829 3152 860 3180; x_wconf 90' lang='lat' dir='ltr'><strong>p.</strong></span> <span class='ocrx_word' id='word_1_600' title='bbox 883 3146 933 3176; x_wconf 84' lang='lat'><strong>57.</strong></span> <span class='ocrx_word' id='word_1_601' title='bbox 2339 3152 2379 3186; x_wconf 85' lang='lat'><strong>3*</strong></span> 
     </span>
    </p>
   </div>
   <div class='ocr_carea' id='block_1_6' title="bbox 2351 3200 2760 3454">
    <p class='ocr_par' dir='ltr' id='par_1_12' title="bbox 2351 3200 2760 3454">
     <span class='ocr_line' id='line_1_48' title="bbox 2351 3200 2760 3454; baseline 0 0"><span class='ocrx_word' id='word_1_602' title='bbox 2351 3200 2760 3454; x_wconf 59' lang='grc' dir='ltr'><strong>..Α</strong></span> 
     </span>
    </p>
   </div>
   <div class='ocr_carea' id='block_1_7' title="bbox 0 3275 142 3454">
    <p class='ocr_par' dir='ltr' id='par_1_13' title="bbox 0 3275 142 3454">
     <span class='ocr_line' id='line_1_49' title="bbox 0 3275 142 3454; baseline 0 0"><span class='ocrx_word' id='word_1_603' title='bbox 0 3275 142 3454; x_wconf 95' lang='lat' dir='ltr'><strong> </strong></span> 
     </span>
    </p>
   </div>
  </div>
 </body>
</html>
