2760 3454
1328 204 1567 244 ...8.-

362 324 449 361 tum
482 332 589 371 esse.
617 342 670 349 —
704 320 903 370 pluralem
944 333 1041 361 vero
1081 333 1288 360 numerum
1332 321 1569 369 „responsa“
1602 329 1821 368 occurrere,
1847 318 1917 358 ubi
1943 319 2130 369 singulae
2155 325 2294 370 partes
2321 322 2433 363 illius
2468 336 2529 365 re-

361 382 499 435 sponsi
516 386 852 437 percenserentur
870 386 993 435 atque
1011 383 1120 425 inter
1138 395 1180 425 se
1199 385 1506 434 opponerentur.
1562 381 1829 434 Quamobrem
1856 392 1945 423 cum
1978 382 2028 424 de
2062 394 2216 426 summa
2241 384 2377 436 potius
2402 386 2529 429 totius

362 448 543 498 responsi
576 449 838 497 universique
872 449 957 497 eJus
991 449 1033 487 vi
1068 448 1249 487 Ciceroni
1284 448 1493 485 dicendum
1531 450 1648 494 esset,
1684 446 1881 494 aptiorem
1914 449 2040 494 atque
2079 448 2178 486 adeo
2213 450 2339 489 solum
2375 453 2529 490 rectum

362 523 450 551 esse
468 510 740 551 Asconianum
767 510 963 550 orationis
990 515 1153 550 nostrae
1172 510 1336 549 titulum
1357 522 1561 559 apparere.
1590 511 1651 549 Ac
1677 521 1774 548 sane
1799 508 1959 556 quidem
1985 509 2056 549 vix
2081 511 2245 551 dubium
2273 524 2360 552 esse
2385 518 2531 570 potest,

362 574 459 625 quin
488 585 578 615 cum
604 574 654 615 de
679 585 758 614 uno
785 573 892 614 facto
921 573 1191 624 prodigiorum
1221 572 1392 613 relatum
1422 576 1527 613 esset
1555 573 1606 613 ad
1633 571 1876 622 haruspiceS,
1903 582 2025 612 unum
2054 584 2209 624 quoque
2227 586 2459 626 responsum
2478 576 2529 618 ad

362 639 475 678 illam
504 650 589 678 rem
617 638 825 687 pertinens
854 638 1025 676 tulerint
1044 638 1226 677 Romani.
1253 649 1331 675 non
1351 638 1512 676 diversa
1539 649 1739 686 responsa.
1794 637 1919 676 Immo
1947 636 1982 675 si
2007 637 2172 676 titulum
2199 638 2426 687 antiquitus
2445 643 2527 679 tra-

360 701 493 741 ditum
512 701 692 741 retinere
710 701 918 747 malumus,
937 700 1158 749 periculum
1181 703 1254 748 est,
1279 712 1329 739 ne
1351 701 1391 739 in
1413 705 1552 740 nostra
1572 700 1754 740 oratione
1781 711 1860 739 non
1889 704 1971 739 tam
2000 699 2101 738 illud
2128 703 2266 740 notum
2286 713 2530 753 responsum,

362 777 482 815 quam
517 764 676 805 omnino
709 775 836 814 genus
863 764 1055 814 ejusmodi
1086 764 1387 813 responsionum
1416 764 1587 804 tractari
1617 763 1814 804 videatur.
1859 763 2107 813 Responsum
2140 775 2236 804 vero
2271 765 2313 805 in
2341 777 2531 816 responsa

362 830 482 869 facile
509 829 688 878 potuisse
716 828 867 866 mutari
895 840 918 866 a
946 828 1139 867 librariis.
1169 830 1236 876 qui
1256 829 1477 876 complures
1503 841 1567 867 res
1595 829 1655 866 illi
1684 828 1753 867 uni
1781 839 1970 876 responso
1989 827 2224 875 subjunctas
2245 830 2529 879 conspicerent,

363 892 453 942 quis
477 896 539 932 est
574 891 672 941 quin
707 889 926 930 concedat‘.>
982 890 1095 940 Quae
1131 903 1217 931 cum
1253 891 1313 930 ita
1346 891 1439 940 sint,
1472 902 1550 930 non
1588 901 1725 930 errare
1753 890 1867 930 nobis
1894 889 2088 938 videmur,
2116 889 2150 929 si
2178 891 2325 931 omissa
2351 892 2528 932 codicum

361 955 609 994 auctoritate
646 957 810 992 nostrae
838 953 1014 991 orationi
1043 955 1206 993 Asconii
1237 954 1399 992 titulum
1429 955 1701 992 restituamus

493 1017 689 1067 Quoniam
718 1016 846 1064 igitur
874 1016 1092 1063 docuimus,
1130 1018 1379 1065 argumentis
1419 1029 1521 1064 quae
1548 1029 1596 1055 ex
1634 1022 1820 1055 veterum
1857 1015 2022 1065 scriptis
2059 1016 2278 1054 attulerint
2306 1017 2387 1054 viri
2422 1018 2529 1056 docti

359 1080 462 1120 nihil
492 1080 633 1129 inesse,
659 1079 764 1129 quod
789 1081 954 1118 nostrae
981 1079 1155 1119 orationi
1183 1080 1298 1120 fidem
1326 1081 1518 1129 derogare
1558 1079 1695 1131 possit,
1731 1090 1846 1129 nunc,
1873 1081 2067 1128 quantum
2104 1077 2155 1118 iis
2180 1078 2437 1119 tribuendum
2464 1079 2530 1130 sit,

360 1143 580 1191 videamus,
616 1155 718 1191 quae
751 1154 800 1181 ex
835 1142 924 1191 ipsa
963 1143 1146 1181 oratione
1173 1148 1375 1194 petantur.
1431 1144 1607 1194 Quorum
1641 1144 1801 1192 quidem
1829 1155 1916 1182 cum
1950 1143 2027 1180 duo
2056 1142 2237 1181 maxime·
2256 1142 2339 1181 sint
2371 1154 2530 1192 genera,

360 1208 532 1247 alterum
563 1208 614 1246 ad
641 1218 717 1255 res,
745 1206 918 1246 alterum
948 1207 998 1246 ad
1024 1219 1244 1246 sermonem
1273 1207 1551 1257 spectantium,
1571 1209 1621 1246 ab
1643 1207 1724 1247 illis
1746 1207 1998 1258 incipiamus,
2026 1218 2130 1254 quae
2150 1205 2268 1255 longe
2285 1206 2527 1255 gravissima

359 1282 516 1323 semper
543 1270 632 1310 visa
659 1273 765 1309 sunt.
1362 1269 1365 1271 ’

490 1335 550 1373 Αο
578 1334 750 1383 primum
780 1334 939 1382 quidem
959 1334 999 1372 in
1029 1346 1073 1372 eo
1101 1333 1310 1373 falsarium
1337 1334 1572 1385 posterioris
1600 1335 1749 1373 aetatis
1777 1345 1863 1373 sese
1882 1332 2193 1384 deprehendisse
2219 1335 2369 1381 putant
2388 1333 2525 1373 Mark-

360 1398 505 1437 landus
532 1402 574 1437 et
602 1398 783 1445 Wolfius,
811 1398 915 1445 quod
945 1398 985 1436 in
1014 1409 1044 1436 c.
1073 1398 1148 1438 ΙΙΙ,
1178 1397 1200 1448 ξ
1228 1401 1250 1435 6
1280 1402 1442 1436 nostrae
1471 1399 1666 1438 orationis
1696 1398 1860 1438 Clodius
1887 1396 2038 1436 dicitur
2066 1396 2214 1435 devota
2240 1399 2281 1434 et
2306 1397 2529 1436 constituta

359 1460 494 1499 hostia
521 1461 735 1512 Milonis¹).
791 1461 891 1499 Nam
919 1472 1006 1499 011111
1034 1460 1214 1499 Clodium
1244 1467 1416 1509 quatuor
1441 1462 1557 1500 annis
1588 1467 1677 1512 post
1706 1463 1806 1501 illud
1835 1465 2004 1511 1011111113,
2044 1460 2095 1498 ad
2124 1459 2229 1507 quod
2262 1463 2401 1499 nostra
2428 1461 2526 1501 refe-

359 1524 486 1563 renda
513 1524 568 1563 sit
610 1524 751 1572 oratic,
780 1524 1051 1563 interfectum
1101 1536 1185 1563 esse
1222 1537 1244 1563 a
1277 1525 1424 1563 Milone
1463 1531 1678 1575 constaret,
1707 1525 1886 1565 Ciceroni
1923 1536 2001 1563 non
2039 1534 2153 1574 posse
2188 1522 2380 1572 imputari
2429 1525 2530 1564 talia

358 1589 484 1626 verba
511 1591 756 1634 statuerunt,
785 1588 863 1625 nisi
891 1589 997 1626 forte
1026 1599 1112 1626 eum
1153 1589 1320 1627 stultum
1345 1589 1407 1627 vel
1441 1589 1631 1628 cerritum
1666 1589 1864 1628 hominem
1893 1589 2143 1635 haberemus,
2180 1585 2327 1636 quippe
2354 1587 2422 1635 qui
2450 1599 2528 1628 non

358 1654 572 1690 vereretur
600 1651 759 1701 publice
775 1652 918 1700 eloqui,
945 1663 1047 1699 quae
1073 1651 1215 1689 intimo
1244 1657 1407 1701 pectore
1434 1658 1608 1702 cuperet.
1663 1654 1814 1692 Contra
1841 1652 1967 1690 multo
1999 1662 2084 1689 esse
2113 1649 2373 1688 verisimilius
2401 1652 2528 1690 decla-

358 1718 553 1753 matorem
584 1716 820 1765 posterioris
847 1715 1007 1762 aetatis,
1035 1714 1210 1764 partium
1241 1727 1339 1763 quas
1368 1717 1588 1766 susceperit
1625 1723 1664 1756 et
1693 1722 1915 1767 temporum
1946 1714 2127 1759 oblitum,
2163 1725 2237 1762 res,
2272 1725 2371 1761 quas
2400 1714 2529 1755 factas

357 1781 506 1826 nosset,
532 1778 665 1818 alieno
693 1779 781 1818 loco
810 1784 849 1818 et
878 1783 1056 1828 tempore
1077 1790 1415 1818 commemorasse.
1471 1779 1547 1819 Sed
1580 1781 1731 1819 nullam
1768 1779 2032 1830 suspicionem
2070 1789 2229 1816 movere
2257 1783 2423 1827 possunt
2459 1779 2530 1818 illa

356 1841 493 1890 verba,
520 1841 730 1881 dummodo
760 1846 975 1891 teneamus,
1003 1842 1077 1880 1100
1106 1842 1193 1880 1000
1223 1842 1271 1880 110
1294 1842 1432 1881 Clodio
1452 1844 1673 1883 accusando
1696 1843 1774 1893 agi,
1804 1843 1844 1882 id
1866 1843 1979 1891 quod
2002 1853 2106 1881 vocc.
2135 1842 2331 1891 persequi,
2355 1865 2397 1870 —
2417 1855 2529 1883 accu-

356 1916 447 1943 sare
475 1928 525 1932 —
553 1917 621 1944 reo
655 1930 700 1935 —
730 1906 831 1945 satis
860 1907 1180 1945 demonstratur:
1221 1917 1458 1954 quamquam
1490 1907 1668 1954 equidem
1698 1920 1777 1946 non
1806 1906 2056 1955 negaverim,
2095 1907 2256 1945 subesse
2285 1905 2366 1944 illis
2395 1907 2529 1946 verbis

356 1968 510 2016 aliquid
539 1969 745 2019 ejusmodi,
772 1971 878 2019 quod
905 1970 1029 2009 tacite
1055 1970 1212 2008 caedem
1242 1969 1426 2017 minetur,
1452 1971 1557 2018 quod
1583 1982 1699 2019 quam
1735 1983 1815 2010 non
1850 1971 2070 2010 abhorreat
2115 1982 2139 2008 a
2165 1969 2369 2008 Ciceronis
2398 1971 2529 2009 animo

357 2036 398 2070 et
426 2036 585 2081 natura,
613 2033 849 2072 documento
880 2039 941 2073 est
968 2034 1139 2084 epistola
1170 2033 1239 2071 illa
1269 2034 1318 2071 ad
1347 2033 1527 2072 Atticum
1556 2034 1707 2084 scripta
1735 2035 1824 2085 (IV,
1844 2038 1879 2082 3,
1901 2034 1941 2085 5)
1971 2035 2012 2073 in
2044 2045 2123 2081 qua
2151 2033 2290 2072 videre
2317 2044 2359 2071 se
2387 2045 2439 2081 se,
2460 2034 2530 2082 ait,

359 2094 540 2135 Clodium
570 2107 594 2134 a
624 2096 776 2136 Milone
806 2098 975 2137 occisum
1008 2097 1069 2136 iri.

489 2159 646 2198 Deinde
675 2160 715 2200 in
745 2173 790 2200 eo
817 2162 1003 2211 graviter
1033 2161 1197 2200 offendit
1228 2161 1493 2199 Marklandus
1524 2162 1628 2209 quod
1656 2173 1686 2201 c.
1714 2162 1773 2201 VI
1801 2161 1823 2213 ξ
1855 2166 1905 2201 24
1934 2162 2082 2201 Lucius
2105 2160 2294 2200 Claudius
2322 2161 2529 2212 perhibea-

355 2228 424 2262 tur
451 2235 523 2263 rex
551 2235 619 2263 sac
637 2235 786 2265 rorum.
839 2227 939 2265 Nam
970 2238 1056 2265 cum
1087 2229 1255 2264 constet.
1290 2226 1338 2263 ad
1367 2225 1477 2263 illum
1515 2226 1703 2264 honorem
1732 2226 1910 2265 homines
1945 2225 2071 2265 nobili
2105 2226 2192 2264 loco
2226 2228 2344 2264 natos
2372 2229 2533 2265 tantum-

354 2287 534 2338 potuisse
561 2288 754 2339 aspirare,
781 2302 805 2328 a
825 2290 1004 2329 Claudiis
1033 2289 1217 2340 patriciis
1238 2289 1351 2328 Lucii
1380 2301 1622 2339 praenomen
1653 2290 1881 2329 abdicatum
1914 2301 2003 2329 esse
2029 2288 2245 2329 Suetonius
2274 2294 2424 2339 narret,
2452 2289 2528 2328 sibi

353 2352 571 2400 persuadet
600 2351 665 2390 vir
691 2356 844 2401 acutus,
873 2358 1052 2392 nostram
1083 2353 1307 2391 orationem
1353 2354 1403 2390 ab
1440 2352 1598 2389 homine
1634 2365 1765 2390 rerum
1805 2354 2082 2391 Romanarum
2113 2351 2413 2402 imperitissimo
2444 2364 2528 2390 esse

354 2413 590 2466 profectam.
645 2413 723 2455 Sed
750 2417 1011 2457 vehementer
1040 2416 1194 2459 dubito,
1232 2427 1325 2455 num
1354 2416 1412 2455 rei
1451 2422 1529 2455 tam
1571 2416 1651 2455 levi
1683 2417 1865 2457 addenda
1902 2417 1958 2456 sit
1998 2419 2116 2455 tanta
2151 2415 2225 2464 vis,
2254 2415 2451 2463 quoniam,
2483 2419 2529 2454 ut

348 2478 432 2526 Jam
461 2478 686 2517 Gessnerus
720 2485 866 2529 monet,
902 2481 1044 2519 littera
1073 2480 1117 2517 L.
1155 2479 1273 2518 facile
1308 2479 1508 2529 corrumpi
1547 2479 1681 2529 potuit
1725 2492 1773 2519 ex
1818 2480 1847 2519 C
1882 2479 2061 2531 (Gaius),
2088 2478 2123 2519 si
2162 2478 2320 2527 quidem
2356 2478 2428 2517 illa
2461 2479 2527 2517 lex

354 2552 497 2591 reapse
523 2545 605 2580 tam
635 2542 824 2590 religiose
852 2546 1066 2583 observata
1104 2547 1176 2581 est.
1211 2554 1257 2581 ac
1293 2554 1373 2580 non
1408 2543 1543 2592 potius
1578 2544 1834 2582 statuendum
1862 2547 1942 2582 est:
1972 2543 2053 2581 illis
2082 2541 2327 2592 reipublicae
2356 2542 2440 2591 jam
2475 2541 2527 2579 ad

351 2603 469 2643 finem
500 2604 656 2643 ruentis
686 2607 935 2657 temporibus
956 2608 1116 2647 licuisse
1136 2608 1291 2657 plebejo
1316 2618 1473 2655 (1110(1110
1502 2607 1652 2646 1101111111
1675 2607 1890 2646 ascendere
1909 2607 1967 2646 ad'
1980 2617 2123 2646 munus
2144 2604 2253 2654 regis
2284 2604 2509 2644 sacrificuli.

481 2663 611 2707 Porro
640 2669 674 2707 si
700 2670 751 2709 ad
780 2682 811 2710 c.
840 2671 954 2720 XVI,
983 2671 1006 2722 ξ
1035 2675 1096 2710 35.
1135 2671 1305 2710 adnotat
1334 2670 1598 2709 Marklandus
1626 2683 1705 2710 non
1741 2682 1783 2710 se
1821 2670 1950 2721 ipsnm
1984 2670 2271 2720 imperatorem
2302 2667 2524 2718 appellasse

350 2731 550 2780 Pisonem,
577 2733 651 2771 sed
681 2745 706 2771 a
733 2734 959 2783 legionibus
989 2737 1063 2774 hoc
1083 2747 1225 2774 nomen
1245 2735 1434 2784 adeptum
1463 2745 1548 2772 esse
1578 2747 1626 2772 ex
1655 2746 1774 2782 more,
1803 2734 1953 2783 fugisse
1984 2746 2073 2773 eum
2088 2736 2268 2783 apparet,
2298 2731 2370 2769 illa
2399 2730 2524 2769 verba

347 2806 420 2847 per
447 2794 667 2836 ludibrium
694 2809 781 2838 esse
814 2799 934 2840 dicta.
1016 2799 1178 2839 Scilicet
1214 2798 1472 2850 imperatoris
1507 2811 1671 2848 nomen,
1710 2799 1814 2848 quod
1853 2798 2081 2848 legionibus
2120 2794 2401 2846 flagitantibus
2444 2793 2522 2833 sibi

348 2864 617 2908 arrogaverat
645 2861 751 2911 Piso,
780 2875 805 2902 a
831 2869 974 2903 senatu
1003 2875 1083 2902 11011
1113 2864 1413 2913 comprobatum
1443 2866 1515 2900 est.

478 2924 578 2962 Tum
607 2924 649 2963 in
679 2937 724 2964 00
750 2928 969 2968 haeserunt
997 2927 1076 2966 viri
1105 2927 1224 2974 docti,
1253 2927 1355 2974 (111011
1386 2926 1426 2964 111
1447 2932 1586 2964 nostra
1616 2926 1798 2965 oratione
1827 2927 1875 2964 de
1903 2931 2037 2965 terrae
2058 2930 2167 2963 motu
2189 2926 2350 2961 tantum
2367 2924 2523 2968 agatur,

339 2998 467 3035 quum
498 2987 660 3029 Cassius
690 2989 767 3028 Dio
797 2991 998 3031 XXXIX.
1037 2995 1085 3029 20
1126 2995 1335 3038 praeterea
1380 2989 1505 3027 multa
1552 2989 1632 3027 alia
1673 2994 1955 3029 commemoret
1970 2993 2146 3040 ‚ostenta
2176 2986 2315 3025 eodem
2346 2987 2527 3030 tempore

433 3104 458 3141 ¹)
482 3105 522 3133 cf.
548 3105 736 3140 Lahmeyer
760 3104 790 3131 in
817 3102 835 3130 l.
863 3102 883 3130 1.
910 3111 937 3138 p,
963 3102 1014 3130 31.

432 3157 463 3193 ²)
488 3157 530 3189 cf.
556 3158 741 3193 Lahmeyer
765 3163 840 3193 pag.
865 3155 914 3183 3¹.

2577 1473 2608 1524 ¹)

2580 2040 2613 2091 ²)
