2760 3454
1309 213 1574 255 --10-

352 331 498 384 quibus
526 329 788 371 defendendis
813 340 1008 372 summam
1033 329 1315 382 impenderunt
1341 341 1502 380 operam
1528 328 1637 370 docti
1663 328 1754 380 viri,
1786 341 1892 371 nunc
1915 331 2027 373 nullo
2054 305 2265 386 in'cugeant
2288 299 2524 386 patrocinio,
2555 304 2560 307 Ι

351 395 431 436 Sed
449 406 539 434 cum
558 394 634 434 hoc
652 395 941 444 quodammodo
960 395 1149 434 fortunae
1175 386 1453 434 ascribendum
1469 393 1536 442 sit,
1554 392 1635 432 alio
1655 393 1870 442 opprobrio
1891 406 1971 434 non
1986 407 2151 444 prorsus
2169 397 2337 438 liberari
2354 403 2524 448 possunt

352 457 622 500 Marklandus
648 460 692 498 et
714 456 898 509 Wolfius,
931 458 1036 508 quod
1062 458 1113 498 ab
1134 457 1252 497 initio
1271 468 1398 507 paene
1424 455 1503 496 sibi
1529 460 1817 507 persuaserant
1841 459 1971 497 totam
1990 458 2214 501 orationem
2229 472 2315 502 esse
2341 462 2521 503 condem-

350 523 536 565 nandam.
599 521 690 572 Qua
725 533 774 562 ex
802 521 1079 572 praeJudicata
1108 521 1293 570 opinione
1320 521 1421 560 illud
1437 519 1698 570 vituperandi
1719 520 1896 560 studium
1916 524 2100 562 exortum
2120 526 2194 573 est,
2219 536 2297 573 quo
2317 528 2522 576 tamquam

351 586 522 637 ancipiti
548 584 684 636 gladio
713 596 793 625 non
815 583 946 624 minus
974 584 1017 623 in
1045 595 1093 623 ea
1120 583 1271 624 invecti
1299 587 1406 633 sunt,
1448 595 1550 632 quae
1578 595 1667 624 cum
1695 583 1898 624 Ciceronis
1926 584 2114 633 loquendi
2148 599 2258 627 more
2284 592 2522 639 congruunt,

351 662 471 701 quam
499 661 603 700 quae
630 659 710 687 non
731 647 872 686 iisdem
891 647 1027 686 verbis
1046 658 1236 696 expressa
1257 648 1299 686 in
1318 647 1410 686 aliis
1432 648 1523 698 ejus
1536 651 1753 686 occurrunt
1771 647 1945 697 scriptis,
1966 648 2081 687 modo
2101 649 2344 699 impudentis
2363 651 2521 692 falsarii

351 713 627 765 turpissimam
655 710 976 759 compilationem
1017 721 1103 749 sese
1144 711 1452 760 deprehendisse
1501 711 1600 760 rati,
1650 711 1764 750 modo
1818 710 1988 750 infantis
2035 712 2211 752 rhetoris
2256 713 2520 753 miserrimam

350 777 698 820 declamationem„
729 773 806 813 Sed
820 773 855 813 si
870 773 1102 823 saepissime
1121 774 1300 824 alioquin
1317 775 1545 814 Ciceronem
1561 775 1719 814 easdem
1733 786 1797 814 res
1811 774 1939 814 denuo
1956 786 2124 815 narrare
2139 788 2187 815 ac
2211 780 2393 827 repetere
2412 778 2520 818 vide·

350 855 439 885 mus
453 842 596 883 iisdem
614 839 760 889 verbiS,
786 850 857 879 cur
885 850 963 878 non
992 838 1065 878 hoc
1094 838 1197 879 idem
1225 839 1340 880 licuit
1369 839 1405 879 ei
1432 839 1473 879 in
1501 842 1640 879 nostra
1669 839 1851 880 oratione
1878 838 2039 879 facere?
2071 839 2152 880 Cur
2178 840 2243 881 hic
2270 841 2519 892 potissimum

352 911 542 948 centones
570 906 760 944 dicuntur
787 914 922 941 rerum
953 907 994 941 et
1020 905 1313 943 sententiarum
1344 903 1616 952 repetitiones,
1644 915 1745 951 quae
1774 904 1816 942 in
1837 903 2066 956 Pisoniana,
2087 903 2284 953 Sestiana,
2312 906 2404 944 aliis
2431 917 2518 943 ora-

2570 348 2634 401 ¹).

2748 411 2760 429 s

2571 833 2603 887 ²)

352 969 531 1013 tionibus
550 967 746 1010 neminem
766 965 1000 1007 offendunt?
1060 967 1321 1008 Inculcantur
1341 967 1434 1008 illae
1453 967 1584 1008 alieno
1606 968 1690 1007 1060
1711 971 1752 1008 et
1772 972 1974 1017 tamquam
1995 968 2117 1017 panni
2143 969 2317 1018 propriis
2345 970 2519 1009 rhetoris
2583 1006 2585 1008 .

351 1033 566 1076 sententiis
594 1032 739 1072 misere
766 1030 895 1070 assuti
932 1035 1038 1081 sunt,
1073 1031 1260 1080 inquiunt
1288 1031 1523 1071 adversarii.
1576 1031 1633 1071 At
1660 1031 1708 1071 de
1736 1032 1810 1071 hac
1837 1043 1880 1071 re
1917 1030 1989 1071 alii
2024 1031 2141 1081 longe
2174 1031 2296 1071 aliter
2327 1032 2518 1072 sentiunt.

351 1100 535 1147 Apparet
553 1096 680 1145 igitur
701 1095 803 1133 illud
817 1095 1013 1145 Judicium
1033 1108 1111 1134 non
1134 1100 1216 1134 tam
1237 1109 1284 1134 ex
1308 1101 1419 1134 certa
1440 1097 1507 1134 via
1526 1109 1572 1134 ac
1591 1097 1750 1134 ratione
1764 1107 1995 1144 suspensum
2013 1106 2108 1143 esse,
2130 1107 2247 1143 quam
2264 1108 2312 1134 ex
2327 1097 2520 1136 interiore

350 1160 475 1201 animi
508 1170 626 1200 sensu
667 1161 709 1198 et
751 1158 866 1198 velut
905 1162 1027 1208 gustu
1066 1159 1235 1207 quodam
1279 1159 1546 1209 singulorum,
1591 1171 1667 1208 quo
1709 1158 1792 1198 solo
1835 1158 1946 1198 ducti
1974 1156 2143 1198 Wolfius
2185 1162 2226 1198 et
2255 1158 2520 1199 Marklandus

348 1225 474 1265 multo
500 1223 634 1263 acrius
662 1222 816 1262 versati
855 1227 951 1262 sunt
984 1223 1025 1262 in
1060 1223 1352 1269 declamatoris,
1399 1235 1498 1273 quas
1533 1227 1690 1272 putant,
1737 1222 1901 1271 ineptiis
1943 1222 2160 1271 exigendis.
2217 1222 2293 1262 Sed
2332 1223 2427 1271 quid
2468 1224 2522 1262 sit
2576 1251 2579 1254 -

351 1286 682 1329 declamatorium
711 1285 853 1336 frigus,
881 1286 976 1334 quid
1005 1286 1227 1325 rhetoricus
1257 1291 1405 1335 tumor,
1434 1287 1529 1336 quid
1559 1286 1693 1336 inepte
1722 1291 1762 1326 et
1791 1287 1930 1336 putide
1958 1286 2119 1335 dictum,
2150 1299 2233 1326 non
2261 1299 2310 1326 ex
2340 1292 2522 1327 veterum

350 1353 517 1393 auribus
553 1350 785 1391 examinare
812 1350 965 1398 volunt,
991 1350 1041 1389 ad
1068 1362 1181 1389 suum
1213 1354 1370 1390 tantum
1398 1362 1573 1398 suaeque
1599 1350 1749 1389 aetatis
1776 1353 1983 1398 gustatum
2011 1349 2212 1389 interdum
2250 1350 2524 1390 delicatiorem

351 1417 485 1458 omnia
510 1418 715 1464 revocant,
730 1414 858 1463 obliti,
884 1414 1006 1452 aliam
1023 1417 1118 1452 tunc
1141 1414 1336 1463 placuisse
1357 1414 1609 1463 eloquentiae
1623 1415 1803 1463 speciem,
1823 1414 1943 1453 aliam
1964 1426 2079 1452 nunc.
2123 1415 2342 1454 Praeterea
2365 1415 2521 1464 fingunt

351 1481 431 1522 sibi
460 1479 653 1530 optimum
682 1477 881 1528 specimen
909 1477 1083 1517 oratoris
1111 1489 1159 1517 ex
1188 1477 1439 1517 orationibus
1485 1476 1786 1527 perfectissimis
1831 1489 1877 1517 ac
1917 1477 2168 1527 politissimis
2197 1482 2370 1518 sumtum
2400 1482 2521 1527 atque

352 1546 575 1592 collectum,
617 1554 693 1591 quo
724 1541 857 1581 omnia
884 1540 970 1580 sine
1013 1542 1241 1581 discrimine
1267 1542 1500 1590 metiuntur,
1542 1554 1643 1591 quae
1671 1541 1873 1581 Ciceronis
1903 1541 2061 1580 nomine
2090 1541 2285 1591 inscripta
2314 1543 2520 1582 feruntur:

352 1610 387 1649 si
413 1608 510 1657 quid
539 1607 767 1655 discrepare
794 1605 967 1654 videtur,
991 1606 1074 1654 jam
1103 1610 1234 1644 actum
1264 1610 1325 1644 est
1352 1607 1400 1644 de
1429 1619 1485 1654 eo,
1513 1606 1773 1654 suppositum,
1801 1605 1979 1654 spurium
2008 1610 2087 1644 est:
2114 1608 2229 1654 quasi
2258 1618 2353 1644 vero
2384 1606 2520 1644 s'icero

324 1699 328 1702 -
352 1684 475 1724 opera
502 1675 662 1711 tantum
689 1669 871 1709 omnibus
900 1668 1076 1708 numeris
1105 1670 1290 1709 absoluta
1320 1682 1553 1719 componere
1582 1669 1789 1719 potuisset,
1822 1681 1869 1709 ac
1901 1680 1980 1708 non
2015 1669 2149 1719 potius
2184 1683 2254 1720 pro
2299 1677 2517 1719 temporum

353 1742 394 1778 et
428 1746 639 1776 causarum
675 1732 915 1772 diversitate
949 1736 990 1771 et
1024 1732 1109 1782 ipse
1154 1733 1424 1773 diversissime
1459 1734 1638 1773 dixisset.
1709 1734 1792 1772 Nec
1828 1732 2057 1772 Ciceronem
2101 1746 2286 1784 magnum
2320 1739 2519 1774 oratorem

353 1802 397 1841 T.
425 1798 641 1852 Quinctius
669 1797 856 1836 defensus
884 1800 956 1835 aut
982 1796 1163 1835 Licinius
1191 1798 1362 1837 Archias
1392 1798 1548 1837 faciunt
1579 1821 1622 1825 —
1656 1801 1701 1836 ut
1730 1797 1899 1850 Taciti³)
1928 1802 2022 1837 utar
2050 1798 2185 1838 verbis
2213 1799 2442 1838 testimonio
2474 1822 2521 1827 —-

352 1863 531 1906 Catilina
558 1865 599 1902 et
627 1860 726 1901 Milo
754 1863 795 1901 et
822 1860 972 1900 Verres
1002 1863 1042 1900 et
1069 1860 1270 1901 Antonius
1297 1862 1399 1901 hanc
1426 1861 1486 1901 illi
1515 1861 1660 1901 famam
1689 1860 2045 1901 circumdederunt.
2101 1861 2212 1901 Nihil
2245 1875 2339 1902 vero
2370 1865 2525 1912 curant,

352 1929 458 1978 quod
484 1925 621 1975 magni
649 1924 812 1963 videtur
840 1924 1043 1972 momenti,
1082 1930 1216 1963 utrum
1260 1926 1300 1964 in
1334 1926 1415 1964 otio
1453 1938 1499 1964 ac
1537 1926 1718 1964 secundis
1747 1926 1854 1963 curis
1883 1925 1988 1963 domi
2018 1926 2236 1974 composita
2262 1926 2317 1965 sit
2341 1926 2521 1977 oratio,⁴)

353 2004 406 2032 an
434 1991 476 2030 in
512 1989 599 2029 foro
632 1987 698 2026 vel
732 1987 775 2026 in
809 1990 954 2026 senatu
992 1988 1265 2037 extemporali,
1291 1993 1337 2028 ut
1365 1989 1424 2028 ita
1459 1989 1599 2037 dicam,
1627 1988 1824 2027 facultate
1852 1987 1951 2028 fusa.
2006 1988 2184 2028 Interest
2212 1989 2317 2029 enim
2344 1988 2521 2038 profecto

354 2054 606 2103 aliquantum
634 2051 742 2089 inter
777 2061 863 2089 eam
892 2049 1167 2100 Milonianam,
1195 2063 1313 2100 quam
1343 2064 1413 2090 nos
1442 2052 1483 2091 in
1513 2051 1695 2090 manibus
1724 2052 1926 2101 habemus,
1954 2054 1995 2091 et
2024 2063 2110 2091 eam
2140 2052 2373 2101 orationem,
2402 2063 2520 2101 quam

354 2130 499 2158 revera
519 2129 591 2165 pro
611 2115 764 2154 Milone
783 2115 927 2153 habuit
943 2113 1091 2165 Cicero,
1108 2119 1149 2153 et
1173 2115 1293 2154 aliam
1309 2116 1530 2155 orationem
1554 2116 1594 2155 111
1619 2117 1731 2154 curia
1765 2116 1907 2154 effudit
1929 2116 1970 2154 in
2003 2116 2231 2164 Catilinam,
2259 2116 2380 2155 aliam
2396 2116 2519 2166 scrip-

356 2185 441 2222 tam
457 2178 636 2229 reliquit.
715 2177 871 2229 Quibus
887 2179 1007 2218 rebus
1021 2178 1216 2229 neglectis
1229 2179 1473 2230 pedetentim
1492 2192 1536 2219 eo
1554 2183 1833 2231 processerunt
1853 2179 2029 2231 partium
2046 2179 2171 2220 studii
2186 2180 2266 2220 viri
2281 2178 2516 2228 acutissimi,

355 2250 401 2285 ut
416 2255 714 2295 saepenumero,
732 2243 801 2282 ubi
815 2242 987 2293 primum
1003 2243 1099 2291 quid
1119 2243 1169 2283 iis
1186 2243 1403 2294 displicuit,
1425 2244 1607 2283 omnibus
1627 2244 1778 2293 ingenii
1798 2247 1839 2283 et
1858 2243 2066 2283 doctrinae
2087 2243 2242 2283 viribus
2257 2243 2521 2291 eniterentur,

355 2314 402 2350 ut
429 2308 531 2349 illud
558 2307 601 2347 in
629 2306 895 2358 suspicionem
924 2312 1116 2348 vocarent
1144 2321 1271 2358 neque
1299 2309 1591 2348 dubitaverunt
1618 2309 1767 2359 partim
1796 2308 1982 2357 argutias
2008 2311 2183 2364 captare,
2212 2308 2361 2358 partim
2394 2307 2456 2346 uti
2476 2306 2517 2346 vi

354 2378 479 2423 atque
504 2371 668 2423 injuria,
700 2374 749 2410 ut
783 2370 861 2411 sibi
896 2375 1177 2423 compararent
1212 2384 1311 2422 quas
1338 2373 1530 2424 petebant
1558 2372 1743 2423 ineptias.
1798 2371 1904 2423 Quid
1930 2370 2102 2411 mirum?
2157 2371 2300 2411 volunt
2333 2381 2522 2411 accusare

356 2442 397 2478 et
424 2435 654 2476 volentibus
682 2434 785 2473 nihil
813 2436 999 2474 arduum:
1036 2436 1076 2474 id
1104 2437 1208 2484 quod
1238 2437 1278 2475 in
1299 2436 1488 2475 Wolfium
1518 2436 1768 2486 potissimum
1796 2435 1916 2475 cadit.
1978 2436 2068 2474 Non
2097 2435 2137 2474 id
2164 2436 2251 2484 agit
2278 2434 2342 2473 vir
2370 2434 2522 2482 doctus,

354 2504 402 2540 ut
429 2498 617 2548 religiose
645 2497 889 2548 examinet-¹³)
923 2510 1025 2546 quae
1061 2498 1158 2538 fides
1193 2503 1356 2538 nostrae
1384 2499 1559 2539 orationi
1596 2499 1780 2538 habenda
1807 2498 1873 2547 sit,
1909 2499 1978 2537 sed
2012 2498 2263 2548 suppositum
2302 2508 2401 2546 opus
2436 2508 2522 2535 sese

444 2691 463 2726 ¹,
491 2691 534 2721 cf.
557 2691 739 2726 Lahmeyer
762 2690 794 2717 ln
819 2690 839 2719 l.
864 2690 884 2720 l.
911 2697 939 2725 p.
962 2690 1014 2718 34.

413 2740 420 2748 ’
442 2753 469 2789 ²)
491 2754 545 2785 Ps.
570 2754 688 2783 Aston.
717 2752 756 2781 ad
780 2752 872 2782 verr.
899 2752 936 2790 ll,
962 2754 1015 2789 1,3
1039 2754 1205 2789 proprium
1231 2752 1398 2783 Ciceronis
1427 2754 1563 2783 eandem
1594 2761 1693 2791 saepe
1724 2755 1919 2784 sententiam
1950 2752 2058 2784 dicere
2094 2756 2126 2783 et
2149 2754 2195 2782 uti
2223 2752 2431 2789 eloquentiae
2467 2751 2519 2780 di-

357 2809 464 2838 versis
487 2807 605 2842 modis,
630 2806 745 2833 lisdem
770 2805 943 2833 sententiis
968 2809 1075 2833 tamen
1101 2806 1140 2832 ab
1165 2806 1273 2840 aliqua
1297 2807 1470 2834 occasione
1496 2807 1654 2841 repetitis.

442 2868 469 2908 ⁸)
490 2871 634 2910 Tacitus,
657 2867 778 2906 dialog.
801 2874 828 2899 c.
853 2869 904 2898 37.

441 2931 471 2969 ⁴)
497 2932 598 2969 quid?
621 2932 707 2969 quod
730 2932 800 2967 ipse
826 2931 941 2960 Cicero
965 2933 996 2960 in
1022 2934 1115 2968 epist.
1141 2933 1179 2961 ad
1198 2934 1336 2963 Atticum
1362 2934 1417 2971 111,
1444 2935 1493 2965 12,
1519 2936 1538 2963 2
1562 2942 1625 2963 uon
1651 2935 1891 2964 verecundatur
1914 2935 2081 2963 confiteri:
2107 2933 2286 2961 orationem
2311 2931 2450 2967 aliquam
2475 2930 2519 2958 lta

355 2986 576 3026 neglegenter
600 2992 675 3014 esse
699 2985 867 3021 scriptam,
893 2988 928 3014 ut
951 2992 1014 3013 non
1039 2993 1114 3015 esse
1139 2993 1230 3015 suam
1255 2987 1388 3024 probari
1413 2996 1509 3025 posse
1534 2989 1647 3024 putet?

443 3048 472 3084 ὅ)
496 3053 533 3078 ut
555 3050 583 3077 si
606 3056 661 3077 res
688 3052 998 3084 commemorantur,
1023 3056 1104 3084 quas
1127 3045 1258 3078 aliunde
1283 3058 1346 3078 non
1371 3053 1532 3088 novimus,
1558 3053 1671 3081 credat
1683 3054 1826 3082 Judaeus
1843 3053 1970 3089 Apella,
1995 3052 2127 3087 clamat,
2151 3056 2214 3077 non
2240 3049 2409 3084 quisquam
2425 3046 2520 3075 Chri-

356 3102 549 3134 stianorum.
575 3101 606 3130 ln
631 3105 804 3131 comment.
828 3100 878 3132 ad.
903 3098 934 3136 S.
960 3102 1009 3133 42.
