2760 3454
1309 202 1548 241 -9-

343 321 468 361 facta.
500 317 580 358 Hic
605 312 703 357 vero
722 317 962 367 monendum
987 321 1060 366 est,
1083 319 1190 366 quod
1207 318 1466 358 Drumannus
1491 319 1608 367 vidit,
1622 318 1766 357 Dionis
1798 319 1985 366 prodigia
2011 318 2113 356 talia
2133 319 2283 368 videri,
2303 331 2408 367 quae
2425 331 2514 359 cum

339 387 478 425 terrae
502 383 618 422 motu
643 381 859 422 cohaerere
876 383 1007 431 ‘atque
1025 391 1115 422 eum
1140 381 1375 431 plerumque
1400 380 1512 432 sequi
1531 381 1701 422 soleant.
1748 379 2005 431 Quapropter
2023 384 2332 423 consentaneum
2351 381 2516 423 videtur

339 450 538 487 statuere:
584 444 753 484 Dionem
780 444 942 493 singula
969 446 1132 499 ostenta
1159 443 1201 482 in
1229 444 1299 485 illo
1328 448 1463 485 terrae
1502 448 1612 484 motu
1639 444 1761 494 edita,
1794 443 1905 483 nullo
1930 442 2083 495 judicio
2112 444 2307 495 adhibito,
2336 457 2409 497 pro
2438 457 2512 487 suo

340 523 452 552 more
485 509 770 549 miraculorum
803 502 983 548 studioso
1018 507 1228 556 aliquanto
1263 508 1392 548 fusius
1431 509 1664 558 tradidisse,
1701 508 1932 547 Ciceronem
1967 516 2073 547 'vero
2120 508 2221 547 illud
2245 522 2367 549 unum
2394 512 2513 550 modo

341 573 540 623 attulisse,
582 572 697 622 quod,
733 575 780 611 ut
816 575 939 621 caput
973 571 1148 611 omnium
1176 571 1464 621 prodigiorum,
1505 572 1690 611 maximev
1713 575 1938 621 respectum
1987 575 2094 612 esset
2132 573 2184 611 ab
2224 573 2511 624 haruspicibus.

340 637 584 686 Neutiquam
598 648 694 675 vero
714 647 764 675 ex
777 637 853 675 hac
866 635 1111 674 dissensione
1130 635 1386 685 ignorantiae
1410 636 1666 687 opprobrium
1686 636 1728 675 in
1747 640 1929 675 nostrum
1948 634 2187 687 scriptorem
2206 635 2348 675 cadere
2368 640 2514 688 potest,

342 702 488 753 quippe
507 700 575 750 qui
593 699 829 740 horribilem
848 703 1000 739 motum
1019 699 1061 739 in
1082 700 1228 740 Piceno
1249 712 1347 749 agro
1364 700 1579 739 Potentiae
1598 700 1747 739 factum
1768 700 1916 748 tradat,
1935 711 2051 748 quem
2071 699 2150 738 Dio
2167 711 2307 739 rursus
2326 700 2499 750 ignorat.

470 765 557 804 Iam
584 775 679 804 vero
709 763 878 802 Wolfius
903 774 976 813 pro
1004 766 1113 801 certo
1140 764 1264 802 habet
1291 763 1498 802 falsarium
1528 775 1569 802 se
1603 764 1731 814 ipsum
1760 762 2013 813 apertissime
2038 762 2210 814 prodere
2237 762 2279 802 in
2307 774 2337 802 c.
2367 763 2511 804 XXIV

342 829 365 880 ξ
382 833 443 877 51,
470 828 539 866 ubi
555 827 758 866 immemor
787 830 829 866 et
842 826 920 865 loci
947 830 989 865 et
1008 829 1201 876 temporis
1216 839 1413 875 nugarum
1436 838 1597 865 suarum
1618 830 1824 865 senatores
1844 827 1894 864 ad
1913 826 2121 875 legendam
2141 825 2271 865 Clodii
2290 827 2511 867 orationem

341 891 501 940 invitet,
536 890 651 939 quasi
680 890 801 929 talem
834 889 1014 928 libellum
1048 891 1185 938 paucis
1218 890 1357 930 diebus
1394 889 1646 938 interpositis
1683 901 1816 928 omnes
1852 889 1954 929 Sosii
1998 889 2040 928 in
2072 889 2267 929 columnis
2301 891 2512 931 venditare

341 954 558 1006 potuerint.
613 953 700 990 Hoc
727 963 822 990 vero
857 951 994 1000 inique
1031 956 1153 1001 atque
1180 953 1338 1003 injiiste.
1393 953 1494 990 Nam
1534 956 1575 990 et
1610 952 1697 1001 ipsa
1733 951 1954 1004 oratione¹)
1990 952 2097 991 haud
2131 953 2299 992 obscure
2334 952 2512 995 indicare
2562 955 2591 1008 ¹)

341 1019 504 1059 videtur
530 1022 711 1056 nostrum
739 1020 939 1055 oratorem
967 1017 1191 1057 contionem
1220 1018 1330 1056 illam
1349 1017 1553 1066 scriptam,
1582 1016 1755 1055 fortasse
1774 1028 1798 1055 a
1816 1016 1974 1055 notario
2001 1020 2224 1066 exceptam,
2251 1017 2294 1055 in
2324 1018 2508 1057 manibus

340 1081 539 1131 habuisse,
567 1084 609 1120 et
635 1078 773 1130 quidni
798 1079 1018 1120 verisimile
1045 1081 1234 1121 ducamus
1263 1081 1443 1120 Clodium
1473 1079 1613 1131 ipsum,
1641 1092 1718 1128 quo
1744 1081 1871 1131 majus
1900 1079 2081 1120 Ciceroni
2109 1080 2244 1120 odium
2272 1081 2510 1128 concitaret,

341 1146 452 1185 illam
481 1145 702 1184 orationem
730 1144 922 1194 scriptam
948 1145 1219 1194 pervulgasse,
1245 1144 1285 1183 id
1315 1144 1418 1193 quod
1446 1147 1585 1194 postea
1613 1143 1833 1182 Antonium
1862 1143 2002 1183 fecisse
2027 1148 2167 1184 notum
2197 1143 2285 1183 est?

475 1207 658 1256 Denique
684 1219 760 1256 quo
786 1208 878 1257 jt1re
906 1207 1117 1247 Schiitzius
1144 1220 1192 1247 ex
1216 1208 1378 1247 monitis
1406 1207 1488 1246 illis
1516 1208 1773 1257 haruspicum
1801 1208 1999 1258 responsis
2027 1208 2257 1259 subJunctis
2286 1209 2510 1259 concludat,

343 1272 497 1323 scripta
540 1283 624 1311 esse
664 1284 865 1322 responsa,
907 1276 1116 1322 postquam
1155 1272 1363 1321 Augustus
1406 1270 1600 1321 principis
1643 1271 1801 1310 nomine
1835 1283 1916 1311 rem
1952 1272 2152 1323 publicam
2186 1273 2261 1311 sub
2298 1272 2508 1323 imperium

342 1334 550 1385 receperit,
575 1334 712 1374 videre
739 1347 817 1374 non
842 1347 1011 1385 possum.
1064 1336 1174 1384 Nego
1204 1346 1265 1373 me
1284 1337 1400 1373 tanta
1426 1333 1677 1373 divinatione
1704 1345 1787 1373 esse
1816 1335 2053 1385 praeditum,
2077 1339 2124 1375 ut
2151 1347 2200 1374 ex
2229 1347 2307 1374 uno
2335 1330 2507 1387 simplici

343 1398 537 1439 vocabulo
563 1398 762 1449 „imperii“
790 1398 932 1445 onmia,
961 1411 1062 1447 quae
1088 1398 1254 1449 cupiam,
1281 1397 1424 1437 elicere
1451 1397 1608 1448 possim.

472 1463 566 1500 Jam
594 1462 875 1510 intellegimus,
910 1462 1005 1510 quid
1032 1463 1197 1500 valeant-
1226 1462 1296 1499 illa
1324 1467 1487 1512 peccata
1516 1461 1704 1498 Cicerone
1733 1462 2019 1510 indignissima,
2046 1473 2151 1510 quae
2180 1462 2221 1500 in
2249 1454 2389 1501 nostra
2418 1475 2505 1502 ora-

343 1525 454 1565 tione
480 1530 622 1564 contra
649 1526 765 1565 fidem
797 1526 1030 1565 historicam
1059 1526 1266 1565 commissa
1301 1538 1385 1565 esse
1413 1526 1705 1564 contenderunt
1739 1530 2001 1564 accusatores.
2057 1525 2221 1564 Summa
2248 1530 2407 1565 tantum
2437 1527 2503 1565 ad-

343 1589 474 1628 hibita
502 1588 543 1627 vi
571 1588 613 1627 in
639 1600 750 1627 suam
779 1600 861 1627 rem
890 1593 1124 1628 convertere
1178 1594 1299 1638 atque
1327 1589 1590 1639 interpretari
1629 1593 1845 1639 potuerunt
1880 1588 1970 1627 illos
2005 1588 2123 1638 locos,
2161 1588 2230 1637 qui
2272 1601 2322 1628 ne
2349 1589 2502 1629 levissi-

342 1664 446 1691 mam
477 1652 634 1701 quidem
663 1652 954 1693 dubitationem
982 1653 1211 1702 admittent,
1238 1653 1444 1692 dummodo
1482 1664 1548 1691 eos
1583 1652 1753 1703 simplici
1782 1658 1819 1692 et
1850 1652 2082 1702 incorrupto
2108 1651 2242 1691 animo
2270 1653 2502 1693 examinare

342 1717 454 1755 velis.
507 1716 697 1765 Sequitur
723 1728 828 1765 ergo,
854 1721 899 1755 ut
927 1717 1140 1756 videndum
1166 1717 1231 1765 sit,
1259 1728 1350 1756 num
1372 1717 1467 1764 quid
1496 1716 1578 1755 illis
1608 1717 1856 1765 argumentis
1875 1716 2124 1767 profecerint
2142 1715 2380 1766 adversarii,
2400 1729 2503 1765 quae

342 1780 392 1819 ad
419 1792 637 1819 sermonem
664 1780 856 1819 Latinum
884 1781 1133 1830 maximeque
1160 1781 1389 1820 Tullianum
1422 1780 1664 1831 pertineant.
1727 1780 1811 1830 Quo
1849 1780 1889 1818 in
1915 1792 2063 1829 genere
2105 1792 2208 1828 quae
2237 1780 2409 1820 crimina
2438 1782 2497 1821 in-

342 1843 547 1883 tenderint
572 1843 743 1882 Wolfius
771 1847 812 1882 et
842 1844 1117 1893 Marklandus,
1143 1856 1230 1883 cum
1254 1844 1491 1894 jampridem
1522 1856 1546 1882 a
1574 1844 1782 1891 Gessnero,
1812 1843 2021 1891 Klotzioh,
2058 1843 2310 1892 maximeque
2346 1856 2370 1883 a
2399 1844 2503 1884 Lah-
2551 1849 2591 1899 ²)

344 1907 541 1956 meyer03)
570 1907 653 1945 sint
680 1907 812 1945 diluta
838 1910 960 1955 atque
988 1907 1048 1945 ita
1072 1908 1297 1957 profligata,
1327 1913 1372 1946 ut
1400 1908 1512 1947 nulla
1538 1907 1708 1956 amplius
1747 1910 1889 1955 egeant
1918 1906 2161 1956 defensione,
2196 1912 2337 1955 restat,
2372 1911 2418 1946 ut
2455 1909 2504 1947 de
2552 1913 2584 1963 ³)

341 1970 392 2008 iis
420 1970 670 2020 potissimum
698 1970 891 2008 disseram
922 1970 1113 2020 eJusmodi
1143 1971 1402 2020 argumentis
1431 1982 1533 2019 quae
1561 1969 1749 2009 conflavit
1770 1969 2123 2010 Meerdervortius.

471 2033 578 2073 Satis
616 2038 677 2073 est
712 2033 809 2073 mihi
846 2034 920 2073 hoc
951 2035 1036 2074 loco
1071 2035 1206 2084 paucis
1244 2038 1400 2074 tantum
1436 2035 1570 2074 verbis
1606 2035 1816 2073 universae
1851 2034 1953 2072 artis
1994 2033 2172 2084 criticae,
2213 2047 2291 2084 qua
2321 2035 2383 2074 usi
2410 2041 2503 2075 sunt
2551 2039 2584 2088 ⁴)

341 2097 510 2137 Wolfius
538 2099 700 2149 eJ'usque
727 2097 823 2138 socii
851 2097 892 2137 in
921 2099 1141 2138 accusando
1169 2111 1348 2139 sermone
1375 2103 1537 2139 nostrae
1565 2099 1770 2147 orationis,
1809 2097 2021 2147 imaginem
2058 2099 2311 2139 adumbrare.
2368 2100 2505 2149 Atque

339 2173 427 2201 cum
456 2162 695 2211 principium
723 2173 877 2210 semper
896 2162 1077 2201 habitum
1097 2167 1202 2201 esset
1230 2162 1270 2201 in
1291 2163 1365 2201 tali
1395 2163 1627 2211 quaestione
1656 2163 1715 2201 uti
1736 2162 2035 2211 'exemplaribus
2061 2162 2302 2212 optimorum
2326 2164 2503 2204 codicum

338 2226 488 2264 auxilio
516 2225 757 2275 comparatis
786 2230 827 2264 et
853 2227 1200 2275 emendatissimis,
1226 2228 1299 2266 hoc
1327 2228 1548 2267 certissimo
1586 2228 1841 2266 fundamento
1878 2230 1991 2265 caret
2018 2226 2157 2266 Wolfii
2193 2228 2504 2275 argumentatio.

333 2288 436 2328 Nam
473 2288 550 2328 etsi
582 2288 667 2338 ipse
698 2287 922 2339 profitetur,
954 2300 1039 2329 sese
1076 2301 1316 2340 magnopere
1343 2290 1578 2341 elaborasse,
1613 2295 1657 2330 ut
1684 2294 1913 2330 contextum
1942 2288 2020 2329 sibi
2054 2289 2322 2331 constitueret
2359 2304 2501 2341 purum
2556 2301 2589 2352 ⁵)

337 2357 459 2401 atque
485 2353 698 2401 integrum,
727 2356 860 2391 tamen
889 2353 1019 2391 defuit
1048 2355 1279 2400 praeclarus
1308 2355 1377 2393 ille
1411 2356 1532 2394 codex
1562 2354 1781 2401 Parisinus,
1824 2365 1900 2401 quo
1934 2353 2082 2391 collato
2110 2354 2162 2392 ab
2190 2353 2351 2393 Halmio
2380 2360 2503 2405 atque
2549 2362 2582 2413 ⁶)

336 2416 553 2466 diligenter
581 2429 744 2456 excusso
772 2416 975 2466 cognitum
1002 2420 1081 2465 est,
1118 2423 1371 2458 accusatores
1391 2419 1619 2467 saepissime
1639 2416 1894 2456 librariorum
1914 2416 2018 2455 vitia
2038 2421 2080 2455 et
2099 2417 2277 2456 maculas
2297 2417 2501 2466 frequenti
2555 2424 2587 2475 7)

335 2491 410 2518 usu
439 2491 623 2529 aspersas
648 2484 850 2529 tamquam
877 2479 1053 2519 auctoris
1082 2485 1246 2529 peccata
1274 2494 1450 2522 vexasse.
1506 2481 1591 2531 Quo
1620 2480 1769 2519 factum
1799 2484 1870 2528 est,
1913 2483 1959 2518 ut
1994 2479 2147 2519 multae
2182 2480 2416 2531 locutiones,
2459 2482 2500 2521 in

422 2661 446 2695 ¹)
472 2669 498 2691 c.
525 2663 574 2700 iv,
599 2661 618 2698 §
644 2662 672 2693 8.
697 2663 881 2690 contionem
906 2661 1029 2699 habuit,
1055 2669 1136 2699 quae
1161 2666 1211 2692 est
1235 2664 1276 2692 ad
1300 2671 1349 2692 me
1376 2669 1443 2693 tota
1469 2664 1587 2693 delata.

420 2714 446 2749 ²)
471 2716 576 2753 Klotz,
602 2718 634 2745 in
659 2715 890 2744 commentario
914 2714 953 2742 ad
977 2720 1120 2744 nostram
1146 2718 1336 2746 orationem.

420 2767 445 2804 8)
471 2770 650 2805 Lahmeyer
674 2769 705 2796 ln
730 2768 750 2795 1.
776 2768 796 2799 Ι,
820 2775 849 2803 p,
875 2768 1011 2797 46—50.

420 2821 446 2855 ⁴)
470 2822 511 2852 cf.
536 2823 690 2858 Gessner,
715 2820 852 2857 praerat.
877 2828 906 2855 p.
932 2821 992 2850 XC.
1017 2828 1106 2857 sequ.
1131 2822 1311 2858 Lahmeyer
1336 2832 1363 2859 p.
1388 2823 1532 2853 x—xxi.

418 2873 444 2899 ⁵2
473 2874 568 2905 Wolf.
593 2874 697 2910 praef.
721 2881 749 2909 Ρ·
774 2873 864 2902 ΧΧΙΙ.
912 2872 936 2906 ⁶)
961 2875 991 2902 in
1016 2874 1119 2903 altera
1144 2875 1193 2903 ed.
1218 2875 1321 2907 Cicer.
1346 2875 1445 2905 Oreil.
1471 2876 1508 2911 li,
1533 2878 1552 2905 2
1577 2876 1681 2912 praef.
1709 2877 1758 2905 ΙΧ.

417 2926 442 2959 ⁷)
469 2936 495 2957 υ.
521 2935 565 2961 itr.
591 2935 617 2955 c.
642 2927 707 2955 viii
733 2935 761 2962 p.
787 2928 836 2954 17.
861 2926 996 2954 wolfius
1021 2927 1167 2962 legebat:
1197 2934 1290 2962 quem
1316 2930 1449 2964 uJebant
1473 2928 1562 2957 ferre
1587 2937 1637 2957 me
1662 2937 1759 2965 posse
1785 2937 1889 2957 nunc:
1921 2929 2001 2957 ferri
2026 2936 2076 2956 me
2102 2945 2135 2951 -
2157 2936 2183 2957 c.
2200 2928 2268 2964 xii,
2286 2929 2305 2956 2
2321 2931 2417 2956 antea
2444 2927 2494 2956 le-

331 2981 492 3017 gebatur:
515 2981 547 3008 in
572 2981 710 3009 niteram
737 2985 887 3007 scaenam
913 2979 1101 3016 immissam,
1134 2979 1227 3008 hodie
1252 2982 1437 3009 restitutum
1464 2984 1538 3009 est:
1566 2981 1596 3008 in
1623 2982 1760 3010 alteram
1786 2988 1918 3010 caveam
1955 2982 2112 3017 Apparuit
2141 2982 2237 3010 etiam
2262 2980 2396 3008 lacunas
2422 2987 2496 3008 esse

331 3039 357 3060 c.
382 3032 463 3069 xiii,
488 3032 507 3067 §
532 3035 580 3062 29.
606 3033 744 3061 aiterum
771 3031 890 3067 putabo
916 3038 1028 3067 regem
1064 3035 1184 3071 εει-ει
1208 3040 1234 3062 c.
1253 3032 1344 3069 xvii,
1375 3032 1399 3068 §-
1420 3035 1470 3062 36.
1496 3036 1528 3062 et
1551 3038 1582 3061 te
1608 3035 1710 3069 ipsum
1737 3038 1859 3071 tamen,
1886 3035 1940 3063 ubi
1964 3040 2097 3061 sensum
2123 3034 2242 3061 misere
2267 3032 2492 3069 perturbatum

331 3089 530 3113 vexaverunt
555 3086 763 3121 interpretes,
812 3083 900 3118 Quae
924 3092 994 3112 cum
1019 3085 1062 3113 ita
1087 3086 1164 3121 sint,
1189 3086 1368 3115 mirandum
1394 3091 1455 3122 est,
1481 3087 1565 3122 quod
1592 3087 1719 3122 Kayser
1742 3089 1963 3117 mihilominus
1987 3088 2019 3116 in
2044 3093 2102 3115 suu
2126 3086 2279 3122 opinione
2304 3089 2498 3121 perseverat

330 3141 364 3165 et
388 3139 576 3174 neutiquam
602 3145 636 3166 se
664 3138 812 3167 Ciceroni
835 3137 995 3175 gratulari
1020 3143 1129 3175 posse,
1155 3139 1212 3175 ait,
1236 3139 1275 3168 de
1300 3141 1503 3177 recuperatis
1529 3141 1733 3170 orationihus
1759 3145 1831 3178 post
1855 3141 1992 3170 reditum
2017 3139 2145 3172 habitis,
2410 3176 2450 3209 2*

2048 3452 2052 3454 .
2067 3448 2076 3452 Δ
2087 3416 2156 3454 ΜῘΙΣΪ
2163 3435 2349 3454 ’ΨΜ-μγ
2363 3377 2504 3454 ὦ
2514 3428 2525 3434 :V
