2760 3454
1168 244 1433 283 ..17-

210 375 295 405 11011
320 362 364 403 111
390 361 512 403 aliam
533 362 708 400 mentem
727 358 948 409 transiisse,
975 360 1081 408 quod
1107 369 1228 408 aegre
1255 358 1363 398 ferat
1391 360 1540 406 orator,
1567 356 1669 395 nihil
1698 367 1784 395 esse
1810 354 2050 405 perversius.
2104 354 2162 394 At
2187 355 2295 406 fugit
2322 357 2381 397 vi-

213 438 304 467 rum
330 425 490 467 doctum
525 436 606 465 non
642 434 757 474 posse
790 422 900 464 viros
935 422 1015 463 dici
1041 425 1288 473 ornamenta,
1320 421 1399 462 nisi
1425 420 1600 461 addatur
1637 431 1711 470 res,
1749 418 1814 459 cui
1848 418 1910 458 illi
1932 418 2015 458 sint
2042 423 2295 471 ornamento,
2332 425 2379 462 ut

213 490 459 530 Hortensius
489 491 767 527 ornamentum
796 487 1052 536 reipublicae,
1078 486 1283 535 publicani
1311 489 1549 525 ornamenta
1579 483 1777 533 equestris
1804 483 1957 521 ordinis
1985 484 2251 531 appellantur.
2298 486 2375 524 No—

213 557 299 595 stro
332 565 428 594 vero
456 552 542 593 loco
576 554 812 592 ornamenta
847 563 932 591 esse
956 550 1160 601 ingenium
1204 554 1245 590 et
1283 550 1365 591 vim
1412 563 1458 590 ac
1484 549 1730 599 gravitatem
1775 546 1945 597 dicendi,
1986 546 2130 596 quibus
2158 549 2380 591 virtutibus

212 618 332 668 paulo
358 620 453 656 ante
473 616 513 655 O.
536 615 760 655 Gracchum
787 614 994 654 florentem
1015 614 1229 664 descripsit
1258 618 1408 663 orator,
1433 625 1547 653 nemo
1573 625 1652 652 non
1680 612 1802 652 videt.
1857 611 2009 651 Eodem
2036 622 2155 651 sensu
2183 613 2284 653 hanc
2311 626 2379 654 vo-

213 693 296 721 cem
325 679 512 720 adhibuit
538 679 676 718 Cicero
704 679 755 717 ad
783 678 876 717 fam.
895 678 944 728 V,
963 683 1004 718 8:
1026 678 1181 727 suscepi
1195 677 1293 716 mihi
1321 677 1680 727 propugnationem
1709 687 1780 725 pro
1803 674 1985 715 omnibus
2014 675 2096 714 tuis
2125 678 2379 718 ornamentis.

216 746 369 783 Brutus
397 744 419 794 ξ
450 746 524 782 261
560 743 632 781 illa
657 742 837 781 oratoria
867 746 1103 781 ornamenta
1131 742 1299 780 dicendi.
1349 742 1480 779 Multo
1508 740 1657 779 clarius
1685 745 1818 779 autem
1855 751 1905 778 ex
1941 739 2010 788 eis,
2044 751 2147 787 quae
2187 741 2236 779 de
2270 742 2378 781 vocis

217 805 370 857 „mens“
397 805 563 845 notione
589 805 770 854 disputat
798 808 1018 855 accusator,
1047 808 1227 854 apparet,
1254 816 1372 853 quam
1406 815 1486 843 non
1519 803 1769 853 perspexerit
1796 806 1925 842 totum
1952 802 2094 852 locum,
2121 814 2237 852 quem
2266 807 2377 846 modo

212 869 347 910 attuli.
399 869 501 908 Nam
530 869 635 917 quod
662 880 742 908 non
768 868 939 908 hominis
966 880 1051 908 esse
1078 868 1188 917 dicit,
1216 880 1326 906 suam
1349 870 1522 906 mentem
1541 867 1674 905 facere
1701 866 1915 915 meliorem,
1944 865 2093 915 quippe
2117 878 2235 916 quam
2264 879 2288 907 a
2306 869 2377 909 deo

213 932 415 982 acceperit
456 932 845 981 praestantissimam
879 944 926 971 ac
961 932 1304 980 perfectissimam,
1344 943 1395 970 ne
1422 930 1625 969 minimam
1667 930 1823 978 quidem
1858 941 1947 969 cum
1976 933 2117 969 nostro
2144 930 2229 969 loco
2258 931 2379 971 habet

214 995 425 1045 rationem,
457 1006 577 1043 quum
612 994 677 1034 1110
712 994 885 1044 scriptor
912 999 1117 1045 queratur,
1155 996 1259 1044 quod
1286 1006 1365 1034 non
1394 1005 1442 1033 ea
1467 997 1600 1035 mente
1628 1005 1673 1032 ac
1701 993 1911 1033 voluntate
1938 993 2094 1032 fuerint
2122 993 2306 1043 Gracchi,
2332 999 2379 1034 ut

213 1058 468 1109 optimatium
498 1062 635 1107 partes
663 1058 797 1107 potius
831 1063 1106 1108 sequerentur,
1140 1071 1257 1107 quam
1286 1058 1499 1107 populares
1527 1069 1613 1097 sese
1639 1058 1777 1096 haberi
1806 1058 2021 1096 voluerint.
2074 1057 2187 1096 Haec
2214 1059 2299 1097 sola
2317 1058 2379 1097 Ci-

212 1122 348 1162 ceroni
375 1122 480 1161 bona
507 1132 617 1160 mens
647 1124 719 1170 est,
746 1122 844 1160 haec
865 1121 1017 1170 optima
1036 1122 1235 1170 voluntas,
1263 1132 1366 1170 quae
1394 1120 1647 1170 optimatium
1676 1121 1818 1160 causae
1844 1120 2104 1170 suffragatur.

341 1184 370 1223 J
372 1196 436 1223 am
462 1196 558 1223 vero
577 1185 612 1223 si
625 1197 656 1224 0.
675 1184 807 1234 XX,§
827 1188 878 1223 42
898 1185 1106 1224 civitatem
1135 1197 1159 1223 a
1183 1185 1270 1224 viro
1298 1184 1520 1224 confectam
1540 1196 1625 1224 esse
1645 1184 1823 1232 legimus,
1841 1184 1894 1222 M.
1914 1185 2082 1223 verbum
2111 1185 2251 1223 confici
2279 1185 2380 1224 nihil

211 1246 323 1288 aliud
341 1246 581 1297 significare,
600 1247 678 1288 nisi
693 1247 846 1297 „affici“
869 1251 994 1298 ratus,
1013 1248 1135 1288 aliam
1154 1260 1289 1288 vocem
1311 1247 1494 1297 requirit,
1513 1260 1593 1297 qua
1612 1247 1743 1287 clades
1763 1246 1833 1286 illa
1852 1247 1940 1296 ipsa
1959 1247 2024 1287 vel
2046 1247 2259 1288 calamitas
2278 1249 2380 1288 indi-

211 1313 336 1361 cetur,
363 1322 465 1360 quae
492 1311 701 1351 civitatem
728 1311 966 1351 confecerit:
1010 1311 1052 1351 in
1081 1324 1157 1362 quo
1200 1313 1317 1362 longe
1343 1324 1367 1352 a
1395 1323 1491 1352 vero
1525 1310 1742 1351 aberravit.
1795 1310 1897 1350 Nam
1936 1310 2132 1351 conficere
2157 1311 2195 1351 h.
2222 1312 2247 1352 l.
2274 1312 2377 1353 idem

211 1374 349 1414 valere
375 1376 497 1421 atque
523 1386 753 1414 consumere
779 1375 844 1414 vel
862 1375 1099 1424 interficere,
1128 1387 1247 1424 quum
1276 1388 1346 1424 per
1374 1387 1418 1414 se
1442 1375 1530 1414 luce
1559 1374 1706 1414 clarius
1733 1378 1804 1423 est,
1829 1378 1913 1413 tum
1943 1374 2083 1414 multis
2111 1375 2211 1414 locis
2237 1376 2376 1415 confir-

210 1439 346 1476 matur
379 1437 486 1476 hunc
513 1449 598 1477 esse
627 1437 828 1477 Ciceronis
856 1438 1044 1487 loquendi
1070 1451 1236 1478 morem:
1272 1442 1318 1478 ut
1345 1451 1381 1488 p.
1404 1438 1489 1479 Mil.
1510 1438 1601 1488 XV,
1629 1441 1680 1477 40
1706 1449 1892 1488 magnum
1913 1437 1995 1478 fuit
2014 1438 2159 1478 Miloni
2185 1439 2378 1480 conficere

210 1500 323 1538 illam
351 1503 503 1548 pestem
530 1513 565 1549 p.
593 1500 694 1540 Sest.
723 1505 769 1541 51
803 1506 1039 1541 ornamenta
1067 1503 1264 1551 equestris
1285 1503 1437 1542 ordinis
1464 1502 1636 1542 confecit
1664 1514 1698 1551 p.
1718 1502 1910 1541 Marcello
1942 1505 2002 1541 11.
2032 1505 2217 1543 vetustas
2247 1504 2379 1544 omnia

214 1562 376 1602 conficit
404 1566 446 1602 et
473 1564 681 1603 consumit.

340 1626 497 1666 Deinde
521 1627 555 1666 si
583 1627 859 1677 imperfectam
884 1632 1004 1678 putat
1031 1628 1287 1678 sententiam,
1315 1641 1434 1678 quam
1463 1629 1630 1679 legimus
1659 1641 1689 1668 c.
1717 1629 1832 1677 XXI,
1862 1629 1884 1679 ξ
1911 1632 1975 1679 44,
2013 1634 2260 1679 arreptus
2302 1635 2379 1670 est

211 1701 336 1729 unus
364 1701 422 1728 ex
447 1691 701 1740 patriciis,
749 1693 885 1731 eodem
924 1693 1136 1741 opprobrio
1180 1696 1402 1741 tangantur
1431 1704 1589 1732 necesse
1631 1697 1691 1732 est
1731 1694 1871 1731 verba:
1913 1696 2084 1741 arrepta
2120 1697 2184 1732 est
2223 1694 2380 1733 familia

214 1753 257 1791 in
286 1764 344 1791 or.
372 1765 408 1801 p.
436 1752 550 1792 Sulla
574 1766 610 1802 p.
640 1757 701 1793 54.
764 1756 823 1794 At
849 1757 1016 1794 verbum
1051 1756 1272 1806 arripiendi
1301 1761 1473 1804 utroque
1513 1757 1596 1795 loco
1641 1756 1855 1803 multisque
1897 1755 1991 1794 aliis
2030 1755 2137 1795 idem
2165 1757 2303 1796 valere
2326 1769 2374 1796 ac

215 1815 349 1856 subito
378 1819 419 1855 et
445 1828 618 1866 propere
645 1828 877 1868 comparare
903 1819 969 1860 vel
994 1820 1226 1870 subornare,
1250 1820 1333 1870 jam
1359 1819 1428 1860 diu
1455 1823 1623 1860 constat.

343 1879 614 1920 Vehementer
642 1894 738 1921 vero
767 1887 878 1922 errat
906 1884 1067 1923 Meum
1086 1887 1205 1933 putat
1233 1896 1263 1923 0.
1293 1884 1411 1933 XXI,
1440 1885 1531 1934 §45
1554 1884 1654 1923 false
1682 1882 1904 1922 adhibitam
1942 1894 2029 1922 esse
2053 1894 2198 1922 vocem<
2222 1884 2379 1934 „cogni-

216 1945 383 1993 torem“,
410 1946 595 1985 statuens
634 1958 721 1985 eum
766 1950 925 1987 tantum
966 1960 1051 1988 esse
1080 1949 1360 1998 appellandum
1401 1948 1657 1997 cognitorem,
1701 1947 1768 1996 qui
1796 1938 1956 1987 causam
1985 1958 2058 1996 pro
2087 1959 2156 1987 reo
2184 1948 2381 1998 suscipiat

214 2008 420 2058 agendam,
447 2020 540 2048 nam
571 2010 707 2050 eodem
734 2012 848 2051 modo
879 2024 925 2052 ac
942 2016 1079 2052 nostro
1099 2013 1184 2052 loco
1213 2013 1255 2053 in
1284 2025 1338 2052 or.
1359 2012 1419 2051 IV
1440 2012 1558 2052 Catil.
1577 2012 1598 2063 ξ
1619 2015 1653 2050 9.
1699 2011 1855 2061 Caesar,
1875 2010 1944 2060 qui
1963 2010 2208 2051 sententiam
2225 2012 2380 2063 suadet,

215 2072 365 2111 dicitur
394 2073 578 2122 cognitor
605 2076 843 2125 sententiae,
873 2080 914 2115 et
940 2076 982 2115 in
1008 2077 1132 2116 divin.
1159 2078 1181 2127 ξ
1213 2081 1257 2116 11
1283 2077 1388 2128 juris
1417 2077 1609 2126 cognitor,
1637 2076 1670 2115 is
1699 2075 1768 2124 qui
1790 2076 1857 2125 Jus
1886 2075 2132 2123 exsequitur.

344 2136 472 2176 Porro
500 2136 652 2188 injuria
676 2143 837 2179 accusat
857 2140 910 2180 M.
930 2141 1169 2180 locutionem
1200 2141 1447 2190 „cupientem
1476 2140 1660 2180 1131111111ιι
1691 2139 1733 2179 111
1760 2151 1791 2179 0.
1819 2139 1959 2178 XXII.
1989 2139 2095 2190 §46,
2120 2139 2163 2179 in
2190 2152 2270 2189 qua
2295 2152 2380 2180 rem

214 2198 430 2249 desiderat,
459 2201 652 2249 cupiendo
681 2204 863 2254 petitam,
891 2217 970 2253 qua
997 2205 1039 2244 in
1054 2205 1257 2244 sententia
1277 2205 1383 2244 haud
1405 2205 1485 2244 scio
1505 2217 1556 2244 an
1575 2216 1652 2243 non
1672 2206 1973 2252 perseverasset
1992 2203 2134 2243 doctus
2156 2205 2380 2255 castigator

214 2263 407 2302 sermonis
436 2264 624 2314 Tulliani,
666 2266 701 2305 si
740 2271 876 2307 nosset
902 2268 1131 2308 Ciceronem
1170 2269 1299 2319 ipsum
1338 2269 1380 2308 in
1413 2268 1655 2307 Miloni-anae
1695 2279 1725 2306 c.
1754 2267 1845 2316 XV,
1882 2267 1982 2316 §39
2023 2267 2248 2316 scripsisse:
2296 2269 2381 2317 ipse

213 2329 381 2366 cunctae
399 2326 547 2367 Italiae
574 2328 751 2379 cupienti
770 2330 927 2380 signum
955 2331 1066 2371 dedit
1085 2331 1110 2371 i.
1130 2344 1161 2371 e.
1184 2331 1332 2371 Italiae
1352 2330 1605 2381 cupidissime
1618 2330 1774 2380 signum
1795 2330 2060 2380 exspectanti.
2109 2330 2235 2381 Quem
2255 2344 2380 2377 usum,

214 2393 261 2428 ut
287 2401 374 2429 cum
397 2391 683 2431 Grammaticis
710 2393 863 2443 loquar,
891 2394 1118 2433 absolutum
1148 2396 1263 2442 verb-i
1303 2395 1487 2444 cupiendi
1523 2394 1683 2432 minime
1710 2393 1885 2433 alienum
1910 2406 1998 2434 esse
2025 2406 2050 2433 a
2077 2395 2252 2434 Tullian.
2279 2399 2378 2434 tem-

207 2464 349 2501 porum
377 2453 565 2502 loquendi
595 2467 715 2504 more,
742 2458 856 2497 nobis
885 2461 1026 2497 auctor
1055 2462 1116 2498 est
1145 2459 1184 2498 C.
1199 2459 1237 2498 J.
1253 2459 1410 2508 Caesar,
1439 2459 1551 2508 cujus
1580 2457 1620 2496 in
1650 2468 1745 2496 com.
1774 2457 1823 2496 de
1845 2456 1936 2496 bell.
1953 2457 2050 2506 gall.
2066 2457 2144 2497 III.
2163 2470 2194 2497 0.
2213 2462 2262 2499 19
2281 2460 2379 2509 legi—

211 2516 501 2557 mus:Sabinus
530 2518 612 2558 suis
641 2519 895 2569 cupientibus
921 2520 1079 2570 signum
1108 2522 1180 2562 dat
1207 2522 1230 2562 i.
1260 2535 1291 2562 e.
1319 2521 1571 2573 cupientibus
1600 2532 1791 2572 pugnare,
1818 2524 1860 2559 et
1887 2519 2036 2560 ibidem
2065 2532 2096 2560 c.
2121 2524 2173 2561 24
2192 2522 2376 2563 omnibus

213 2579 478 2630 cupientibus.

343 2643 443 2683 Tum
469 2644 659 2695 rationes,
678 2645 829 2694 quibus
857 2647 998 2687 docere
1016 2652 1184 2688 conatur
1204 2650 1256 2688 M.
1285 2650 1429 2697 verbis,
1457 2650 1551 2688 urbs
1580 2648 1716 2687 clausa
1743 2652 1783 2687 et
1812 2660 1875 2696 qu.
1890 2660 1930 2697 s.,
1959 2652 2069 2688 recte
2098 2649 2381 2700 interpretatis

212 2715 371 2744 sensum
393 2706 631 2747 'miserrime
665 2710 909 2759 perturbari,
943 2711 1090 2761 dignae
1129 2715 1234 2761 sunt,
1263 2724 1365 2761 quae
1391 2711 1603 2750 memoriae
1631 2709 1865 2760 prodantur.
1920 2711 2029 2751 Urbs
2057 2712 2192 2752 claudi
2220 2713 2381 2762 dicitur,

213 2767 358 2818 inquit,
384 2782 464 2809 non
492 2783 579 2811 cum
608 2779 749 2823 portae
777 2774 1031 2825 clauduntur,
1058 2776 1127 2814 sed
1156 2787 1243 2814 cum
1274 2777 1323 2815 ab
1349 2775 1529 2814 hostibus
1556 2774 1778 2814 includitur
1804 2776 2142 2826 oppugnantibus,
2170 2776 2380 2817 Ridiculus

214 2831 341 2880 igitur
367 2832 415 2871 fit
442 2845 592 2885 sensus,
620 2836 655 2875 si
683 2848 708 2876 a
735 2838 924 2888 Pompejo
956 2839 1059 2878 'urbs
1100 2838 1237 2889 aliqua
1278 2839 1409 2878 claudi
1442 2838 1466 2877 i.
1496 2850 1527 2877 e.
1564 2838 1714 2877 includi
1750 2851 1829 2878 non
1856 2850 1972 2890 posse
1996 2838 2161 2888 dicitur,
2187 2843 2311 2889 atque
2339 2840 2381 2880 id

213 2894 373 2943 quidem
400 2908 445 2935 eo
473 2897 570 2948 loco,
599 2894 846 2948 quo‘auctor
874 2902 959 2952 ejus
985 2902 1179 2942 virtutem
1208 2902 1389 2942 bellicam
1419 2902 1568 2941 effert.“
1619 2902 1714 2941 Sine
1741 2902 1863 2941 dubio
1890 2903 1988 2942 urbs
2008 2902 2195 2953 operibus
2216 2903 2382 2943 circum-

212 2958 312 2997 data
339 2971 635 3010 nonnumquam
664 2964 893 3014 appellatur
932 2965 1087 3004 inclusa
1115 2967 1179 3005 vel
1209 2967 1354 3014 clausa,
1384 2965 1614 3015 saepissime
1657 2978 1753 3004 vero
1797 2967 1964 3005 verbum
2011 2966 2235 3015 claudendi,
2281 2978 2383 3014 quae

212 3021 345 3072 prima
374 3023 459 3073 ejus
484 3024 547 3064 vis
575 3029 648 3076 est,
689 3026 791 3066 nihil
834 3028 945 3068 aliud
986 3029 1107 3079 valet,
1141 3028 1220 3068 nisi
1248 3029 1434 3068 obserare
1462 3028 1526 3068 vel
1554 3028 1866 3080 praestringere,
1894 3033 1942 3069 ut
1967 3040 1998 3069 e.
2016 3040 2076 3079 gr.
2098 3029 2234 3069 eodem
2262 3040 2381 3069 sensu

307 3129 328 3163 η
353 3131 470 3162 neerd.
497 3140 526 3168 p.
552 3134 602 3162 74.
653 3132 684 3169 2)
707 3123 790 3165 idem
815 3144 846 3173 p.
871 3137 921 3167 75.

302 3182 330 3216 ³)
355 3184 472 3216 Meerd.
495 3194 526 3222 p.
550 3188 601 3216 71.
647 3185 676 3224 ⁴)
702 3189 785 3217 idem
810 3198 838 3225 p.
865 3191 913 3220 78.
959 3189 986 3226 ⁵)
1012 3191 1094 3218 Idem
1120 3198 1149 3226 p.
1174 3191 1223 3219 78.

245 3232 251 3237 '
302 3234 334 3272 ⁶)
356 3236 477 3270 Meerd.
499 3246 530 3274 p.
554 3239 606 3267 80.

2428 757 2460 809 ¹)

2428 1199 2460 1250 ²)

2428 1632 2460 1684 ³)

2427 1887 2460 1939 ⁴)

2429 2155 2462 2207 ⁵)

2430 2608 2462 2659 ⁶)
