2760 3454
1254 204 1514 243 -19—

298 337 346 366 se
373 324 417 365 in
445 323 561 364 illum
595 323 821 364 retorsisse.
875 322 981 373 Quid
1009 321 1138 372 igitur
1173 319 1344 370 amplius
1372 330 1472 368 opus
1499 321 1561 358 est
1588 313 1890 367 disputatione?
1932 314 2010 356 Sed
2036 315 2160 356 etiam
2187 311 2466 364 Quintilianus

300 389 445 429 laudat
472 387 674 428 Ciceronis
699 387 847 427 librum
874 387 923 426 de
950 386 1207 435 haruspicum
1232 383 1445 433 responsis,
1480 383 1593 432 cujus
1621 380 1817 431 Judicium
1851 379 1893 418 in
1929 380 2004 418 tali
2042 378 2278 427 quaestione
2312 376 2348 415 si
2385 387 2466 415 non

297 452 402 492 adeo
431 450 567 501 magni
592 451 818 491 habendum
853 461 939 490 esse
966 449 1148 500 concedo,
1184 453 1294 490 certe
1317 446 1482 488 Asconii
1516 444 1803 486 auctoritatem
1831 442 1943 491 sequi
1971 454 2187 492 possumus,
2215 441 2284 489 qm·
2312 441 2465 480 duobus

300 515 401 553 locis
427 515 609 552 Ciceroni
636 515 784 553 tribuit
811 517 991 552 nostram
1020 513 1254 552 orationem.
1311 511 1399 551 Hoc
1425 510 1529 550 enim
1549 507 1647 547 mihi
1668 506 1862 559 persuasi,
1888 505 1998 547 nullo
2026 505 2140 546 modo
2168 503 2256 546 fieri
2275 501 2465 554 potuisse,

302 582 350 617 ut
376 577 441 617 vir
467 578 509 616 in
537 578 818 624 cognoscendis
846 578 1048 615 Ciceronis
1082 577 1247 624 scriptis
1275 581 1358 613 tam
1385 576 1454 613 diu
1482 576 1681 620 versatus,
1718 572 1788 619 qui
1821 574 1914 610 acta
1953 573 1994 608 et·
2027 569 2192 608 annales
2220 567 2398 617 publicos
2423 566 2466 605 in

302 643 491 692 promptu
518 640 693 680 habebat
719 642 761 679 et
788 651 837 680 ex
862 639 1065 680 hominum
1101 640 1187 681 fere
1214 640 1345 680 Tullio
1380 637 1608 688 aequalium
1643 635 1835 676 memoria
1869 634 2036 675 haurire
2070 633 2214 682 potuit,
2249 644 2274 672 a
2297 631 2464 672 falsario

303 706 567 754 deciperetur.
629 705 755 743 11111110
794 708 993 753 augeatur
1031 705 1116 755 eJus
1150 704 1373 743 auctoritas
1408 703 1450 742 in
1489 703 1564 741 hac
1598 699 1833 749 quaestione
1867 709 2029 738 necesse
2067 700 2130 736 est
2157 709 2214 745 00,
2248 696 2351 745 quod
2385 707 2465 736 non

302 768 527 816 ignoravit,
553 767 724 815 scriptas
753 779 838 805 esse
863 768 1055 814 quasdam
1080 768 1283 806 orationes
1309 769 1358 806 ab
1379 764 1720 805 obtrectatoribus
1740 761 2087 810 Ciceronis-atque
2106 758 2304 798 Catilinae
2322 761 2363 798 et
2382 759 2464 798 An-

305 831 416 872 tonio
445 830 548 871 falso
577 830 765 870 tributas.
821 830 972 870 Verum
1001 835 1098 880 esto,
1133 831 1274 870 habita
1309 836 1370 869 est
1408 831 1549 877 oratio,
1585 834 1629 867 at
1666 839 1768 875 quae
1795 826 1914 864 hodie
1951 828 2088 863 exstat
2119 835 2198 861 non
2229 828 2290 861 est
2318 824 2466 875 eadem,

306 906 425 945 quam
450 894 712 942 antiquitatis
750 897 877 934 testes
905 897 1063 944 norant,
1091 894 1161 934 sed
1199 893 1292 934 ficta
1321 898 1361 934 et
1395 891 1602 944 supposita
1636 888 1803 930 Minime
1839 900 1946 929 vero.
2002 886 2187 937 Apparet
2215 884 2319 927 enim
2347 884 2464 925 Vale-

303 959 409 997 rium
437 959 540 997 lianc
567 959 695 1005 ipsam
723 959 958 1006 orationem,
986 959 1145 1005 qualem
1180 958 1297 996 hodie
1325 958 1503 1006 legimus,
1539 959 1636 993 ante
1663 954 1795 991 oculos
1822 953 1887 991 vel
1925 952 2057 991 dicam
2097 951 2139 989 in
2174 949 2363 989 memoria
2396 950 2464 988 ha-

307 1020 449 1070 buisse,
477 1031 557 1060 non
584 1021 697 1061 modo
728 1033 777 1061 ex
804 1020 874 1061 illo
902 1021 999 1071 loco,
1028 1034 1145 1071 quem
1173 1021 1439 1062 Marklandus
1468 1021 1510 1060 in
1538 1032 1650 1059 sua-m
1678 1030 1761 1057 rem
1789 1020 1950 1057 vertere
1975 1015 2147 1064 studuit,
2174 1015 2243 1054 sed
2270 1014 2390 1053 etiam
2416 1026 2466 1053 ex

303 1085 396 1135 alio,
420 1096 537 1133 quem
565 1085 673 1123 docti
702 1085 782 1124 viri
817 1086 947 1125 adhuc
984 1085 1223 1135 praeteriise
1262 1085 1463 1134 videntur,
1495 1083 1573 1124 nisi
1612 1083 1719 1123 forte
1752 1082 1858 1123 alter
1892 1079 2057 1122 exsistit
2086 1078 2363 1127 Marklandus‚
2397 1077 2465 1127 qui

303 1150 378 1189 hoc
405 1160 561 1197 quoque
589 1149 673 1187 loco
703 1148 861 1188 falsarii
891 1150 1082 1189 odoretur
1110 1149 1294 1198 vestigia.
1346 1150 1485 1197 Neque
1511 1148 1641 1187 minus
1669 1147 1927 1186 manifestum
1953 1149 2018 1184 est
2045 1143 2324 1183 Arnobium
2351 1154 2465 1190 quas-

304 1212 396 1251 dam
422 1211 646 1251 sententias
681 1223 730 1251 ex
767 1215 931 1252 nostrae
974 1212 1169 1252 orationis
1197 1224 1227 1252 c.
1254 1212 1327 1262 XI,
1362 1211 1386 1264 ξ
1422 1216 1469 1252 23
1509 1215 1735 1251 mutuatum
1770 1221 1866 1250 esse.
1921 1209 2078 1249 Deinde
2113 1207 2263 1257 optime
2294 1218 2381 1246 cum
2420 1218 2467 1245 ea

305 1275 501 1324 oratione,
528 1286 646 1323 quam
675 1287 747 1315 nos
773 1276 816 1315 in
844 1275 1027 1315 manibus
1052 1277 1252 1326 habemus,
1277 1281 1503 1325 congruunt
1531 1279 1572 1314 et
1598 1287 1700 1323 quae
1727 1273 2004 1324 Quintilianus
2031 1271 2162 1311 refert
2189 1271 2239 1309 de
2266 1268 2467 1309 Ciceronis

303 1337 409 1377 libro
438 1338 487 1376 de
512 1338 673 1386 harusp.
701 1350 804 1386 resp.
837 1343 879 1377 et
915 1350 1017 1387 quae
1045 1339 1085 1377 C.
1114 1340 1251 1378 Julius
1279 1340 1419 1378 Victor
1454 1338 1596 1377 scribit
1633 1339 1681 1377 de
1710 1337 1912 1377 Ciceronis
1949 1340 2040 1375 arte
2068 1335 2281 1375 rhetorica.
2335 1331 2467 1383 Quid?

305 1400 410 1450 quod
444 1399 641 1440 Asconius
675 1402 804 1441 locum
840 1402 1043 1452 integrum
1080 1403 1220 1443 laudat
1253 1415 1301 1443 ex
1337 1402 1519 1442 oratione
1559 1403 1608 1442 de
1647 1401 1903 1450 haruspicum
1948 1413 2151 1449 responso,
2190 1399 2259 1448 qui
2294 1411 2342 1437 ex
2380 1408 2468 1436 asse

304 1464 494 1503 convenit
519 1475 607 1505 011111
632 1469 795 1504 nostrae
821 1477 851 1504 0.
880 1466 977 1516 XII,
1005 1467 1027 1516 ς’
1057 1465 1138 1505 24?

436 1527 516 1565 Pro
543 1532 653 1566 certo
682 1529 810 1577 igitur
845 1529 978 1568 dicere
1003 1541 1221 1578 possumus,
1261 1535 1306 1568 ut
1341 1530 1438 1568 mihi
1477 1530 1650 1578 videtur,
1691 1540 1762 1567 nos
1797 1527 1962 1566 eandem
2000 1526 2225 1565 orationem
2261 1537 2308 1565 ac
2343 1530 2467 1566 testes

308 1589 570 1639 antiquitatis
603 1589 645 1630 in
678 1591 861 1632 inanibus
897 1593 1056 1633 habere.
1120 1593 1270 1643 Quodsi
1309 1605 1388 1633 non
1414 1593 1650 1633 credendum
1687 1596 1750 1631 est
1784 1592 1868 1641 jam
1904 1595 2003 1629 ante
2039 1590 2251 1629 Valerium
2287 1590 2468 1629 Ciceroni

305 1654 439 1692 aliena
466 1654 619 1702 scripta
647 1665 732 1693 esse
759 1656 951 1706 subJecta,
1005 1657 1224 1696 Asconium
1252 1662 1384 1696 autem
1412 1660 1571 1696 constat
1598 1655 1827 1705 cognitione
1856 1658 1897 1694 et
1926 1653 2127 1693 factorum
2155 1657 2197 1693 et
2224 1653 2466 1703 scriptorum

306 1717 581 1756 Tullianorum
609 1717 669 1756 ita
696 1718 819 1756 fuisse
847 1719 1056 1768 imbutum,
1084 1723 1130 1759 ut
1157 1732 1237 1759 non
1265 1720 1383 1759 facile
1411 1720 1633 1767 falleretur,
1661 1720 1724 1758 sin
1752 1731 1858 1768 ergo,
1892 1721 1939 1756 ut
1975 1717 2091 1756 brevi
2132 1717 2371 1766 praecidam,
2405 1717 2466 1756 illi

305 1780 458 1820 nullam
486 1780 565 1820 nisi
591 1781 806 1830 genuinam
841 1783 1063 1822 orationem
1099 1787 1257 1832 norant,
1297 1787 1337 1822 et
1372 1788 1511 1822 nostra
1544 1795 1641 1822 vera
1674 1783 1729 1821 sit
1756 1793 1917 1820 11000550
1956 1785 2030 1819 est.
2087 1781 2166 1818 Sed
2211 1782 2315 1828 quod
2357 1785 2466 1819 vete-

305 1854 395 1881 rum
435 1843 679 1882 testimoniis
717 1849 905 1884 accurate
951 1845 1128 1885 excussis
1167 1846 1280 1885 modo
1321 1846 1602 1895 conclusimus,
1648 1845 1736 1894 ipsa
1775 1843 1960 1884 oratione
1999 1843 2066 1884 vel
2105 1843 2279 1883 maxime
2325 1842 2465 1883 confir·

302 1909 448 1944 matur.
501 1906 655 1945 Omitto
702 1919 937 1947 enumerare
981 1910 1023 1947 in
1071 1913 1211 1948 nostra
1256 1910 1437 1948 oratione
1481 1910 1701 1948 locutiones
1746 1919 1772 1946 a
1814 1907 2007 1946 Cicerone
2049 1907 2259 1945 adamatas
2302 1906 2466 1957 ejusque

304 1967 510 2018 proprium
550 1968 708 2008 dicendi
747 1981 897 2011 morem
941 1971 1133 2021 indicare,
1168 1972 1353 2021 quoniam
1392 1973 1441 2012 de
1481 1974 1556 2012 hac
1587 1985 1631 2012 re
1665 1971 1773 2011 docti
1813 1971 1894 2010 viri
1938 1970 2041 2009 satis
2084 1970 2242 2018 copiose
2269 1970 2465 2008 disserue-

304 2036 412 2071 runt.
465 2032 566 2071 Nolo
600 2032 723 2071 etiam
764 2033 910 2074 afferre
941 2035 1165 2075 sententias
1199 2039 1321 2084 atque
1362 2035 1660 2076 enunciationes
1695 2047 1744 2075 ex
1779 2033 1872 2074 aliis
1907 2033 2113 2074 Ciceronis
2155 2033 2329 2083 scriptis,
2364 2045 2467 2082 quae

302 2095 346 2135 in
374 2100 515 2135 nostra
541 2108 620 2135 non
645 2100 856 2137 centonum
892 2099 1006 2138 modo
1034 2100 1103 2139 sed
1131 2104 1226 2149 apte
1254 2104 1295 2138 et
1321 2111 1390 2139 suo
1418 2111 1597 2148 quaeque
1623 2100 1707 2138 loco
1737 2098 1937 2147 repetitae
1966 2101 2195 2147 occurrunt,
2224 2098 2330 2146 quod
2359 2097 2463 2136 Lah-

304 2170 487 2208 meyerus
525 2171 713 2208 magnum
746 2172 882 2200 earum
918 2173 1127 2202 numerum
1161 2162 1360 2212 congessit
1400 2163 1693 2211 diligenterque
1728 2161 1999 2210 comparavit,
2035 2162 2134 2199 11000
2168 2161 2301 2200 omnia
2336 2161 2467 2202 mitto,

302 2221 489 2269 quoniam
519 2221 765 2261 imitatorem
794 2224 1026 2263 versatilem
1055 2225 1217 2264 assidua
1250 2225 1420 2264 lectione
1447 2229 1489 2264 et
1521 2225 1782 2264 meditatione
1817 2223 1985 2263 eandem
2022 2223 2260 2263 facultatem
2301 2224 2461 2272 assequi

304 2284 483 2334 potuisse
512 2285 749 2325 existimant
776 2293 1049 2328 accusatores:
1085 2288 1187 2328 illud
1214 2300 1379 2337 quaero:
1416 2289 1518 2328 Num
1547 2292 1705 2327 tantam
1733 2288 1877 2327 molem
1906 2299 2041 2326 rerum
2070 2287 2353 2326 historicarum
2373 2287 2464 2338 (VI,

392 2392 414 2427 ¹)
440 2393 672 2431 Quintilianus,
696 2394 773 2423 inst.
794 2398 875 2424 orat.
900 2392 943 2432 V,
969 2396 1020 2432 11,
1045 2396 1086 2424 42
1108 2396 1211 2424 utitur
1235 2403 1273 2424 00
1298 2395 1354 2432 (50.
1378 2396 1510 2424 deorum
1535 2393 1741 2425 auctoritate}
1767 2394 1885 2428 Cicero
1911 2395 1942 2422 in
1967 2394 2052 2423 libro
2078 2394 2117 2422 de
2143 2394 2351 2430 haruspicum
2378 2402 2453 2430 resp

388 2443 419 2483 ²)
444 2448 605 2476 Asconius
624 2448 656 2474 in
682 2446 810 2476 θοι-1101.
835 2448 919 2483 apud
944 2447 1043 2476 Orell.
1070 2447 1106 2484 V,
1130 2445 1175 2485 11,
1200 2456 1230 2484 p.
1254 2450 1293 2477 69
1318 2452 1350 2476 et
1372 2450 1420 2478 70.

388 2497 416 2537 ⁸)
444 2501 562 2529 Ascon.
587 2500 627 2527 ad
649 2496 755 2531 Milon.
782 2499 812 2536 §.
840 2502 855 2530 1
882 2508 919 2529 ex
942 2501 1115 2530 annalibus
1140 2506 1284 2538 opparet.

387 2550 416 2589 ⁴)
443 2554 557 2581 eodem
581 2553 653 2580 loco
670 2551 690 2586 ᾖ
706 2553 736 2581 3.
753 2557 824 2582 acta
849 2555 968 2582 etenim
991 2555 1096 2591 magis
1113 2555 1279 2590 sequenda
1304 2559 1335 2583 et
1358 2555 1459 2590 ipsam
1485 2555 1680 2590 orationem,
1705 2561 1788 2591 quae
1818 2555 1902 2583 actis
1919 2554 2086 2590 congruit,
2111 2559 2208 2589 quam
2234 2552 2467 2582 Fenestellam.

388 2603 416 2640 ⁵)
442 2603 473 2640 §.
496 2605 547 2633 38.
571 2605 625 2632 ubi
647 2612 682 2633 se
709 2606 804 2633 vitam
831 2605 997 2635 Ciceronis
1021 2607 1230 2636 ’111-0111000111
1252 2607 1431 2644 inspexisse
1454 2611 1567 2636 narrat
1583 2607 1754 2638 Asconius,

389 2655 415 2692 ὅ)
443 2657 548 2686 aner.
573 2657 726 2685 Maximus
751 2660 776 2696 1,
802 2660 829 2685 1.
852 2657 992 2694 Majores
1016 2665 1119 2689 statas
1142 2673 1184 2683 =
1207 2667 1308 2689 nostr.
1333 2665 1413 2688 orat.
1437 2667 1463 2687 c.
1490 2660 1539 2695 lx,
1565 2661 1613 2687 18.

387 2707 412 2743 ⁷)
437 2709 503 2737 val.
529 2709 609 2738 Max.
634 2709 657 2744 l,
689 2711 704 2736 1
740 2710 816 2737 item
841 2711 935 2738 matri
971 2712 1067 2740 deum
1098 2720 1334 2748 saepenumero
1364 2713 1577 2747 imperatores
1611 2712 1727 2748 nostri,
1762 2714 1928 2748 compotes
1960 2712 2184 2750 victoriarum,
2215 2715 2367 2748 suscepta
2394 2714 2467 2740 vota

301 2761 528 2792 Pessinuntem
554 2759 696 2798 profecti
719 2761 889 2790 solverunt
910 2779 948 2785 -
975 2765 1188 2794 consimiliter
1211 2773 1247 2793 00
1270 2771 1381 2794 nostra
1405 2765 1485 2800 Xlll,
1509 2765 1550 2793 28
1572 2766 1604 2793 in
1629 2766 1703 2794 fine.

386 2813 411 2847 θ)
435 2816 611 2849 Arnobius‚
636 2815 794 2842 adversus
818 2819 936 2851 gentes
963 2815 1002 2844 lV
1026 2825 1054 2852 p.
1080 2818 1148 2846 148.

387 2864 412 2902 ⁹)
438 2865 673 2904 Quintilianus,
698 2869 772 2897 inst.
797 2875 828 2897 01
839 2873 881 2899 at.
908 2867 943 2905 V,
969 2871 1020 2904 11,
1046 2871 1094 2899 42.

390 2916 430 2954 ¹⁰)
458 2919 490 2948 C.
513 2919 621 2947 Julius
646 2919 768 2957 Victor,
805 2921 889 2956 apud
914 2920 1069 2950 Orellium
1096 2920 1137 2960 V,
1174 2923 1189 2950 1
1216 2930 1244 2958 p.
1269 2923 1340 2953 225.
1386 2922 1548 2951 Bonorum
1569 2923 1716 2958 judicatu
1742 2925 1864 2961 (utitur
1898 2925 1935 2955 M.
1959 2924 2102 2962 Tullius)
2128 2932 2225 2962 quum
2261 2931 2298 2952 ex
2332 2927 2468 2951 senatus

298 2972 453 3000 consulto
478 2972 537 3000 sibi
563 2973 690 3000 domum
724 2973 922 3011 restitutam,
958 2975 1149 3009 optimorum
1171 2974 1331 3012 judicatu,
1370 2984 1466 3012 quum
1492 2977 1677 3014 PompeJum
1702 2983 1734 3007 et
1758 2986 1887 3008 ceteros
1912 2986 2062 3008 auctores
2087 2979 2214 3007 reditus
2238 2977 2287 3005 sui
2311 2977 2467 3011 nominat,

296 3024 471 3053 scientium
492 3025 653 3062 judicatu,
679 3033 775 3062 quum
799 3026 928 3054 domum
952 3033 1043 3054 suam
1067 3028 1144 3055 dicit
1167 3034 1183 3054 0
1208 3027 1368 3065 religione
1392 3028 1578 3065 pontificum
1603 3032 1765 3060 sententia
1788 3032 1973 3061 liberatum.

389 3075 430 3111 ¹¹)
457 3079 619 3106 Asconius
645 3079 697 3111 ad,
723 3080 852 3109 Corncl.
878 3078 961 3116 apud
985 3079 1084 3108 Orell.
1110 3079 1146 3117 V,
1169 3081 1199 3110 2.
1223 3087 1253 3116 p.
1278 3081 1329 3109 69.
1374 3080 1450 3109 Nam
1475 3082 1551 3118 quid
1577 3090 1638 3120 ego
1664 3085 1703 3113 de
1728 3086 1793 3113 illis
1820 3086 1904 3114 ludis
1927 3086 2044 3121 loquar
2067 3089 2099 3114 et
2123 3092 2176 3121 qu.
2200 3090 2225 3113 S.

389 3125 426 3166 ¹¹)
451 3130 631 3167 Lahmeyer
655 3132 687 3160 in
711 3133 732 3161 l.
756 3133 775 3161 l.
799 3140 829 3168 p.
854 3134 904 3162 52.
930 3138 971 3161 et.
994 3141 1024 3169 p.
1048 3134 1182 3162 56—61.

2513 438 2549 489 ¹)

2515 552 2548 603 ⁸)

2514 615 2551 669 ⁴)

2517 881 2551 934 ⁶)

2519 1267 2552 1317 ⁹)

2517 1332 2571 1384 10)

2516 1398 2570 1447 xl)

2518 2164 2570 2215 ¹²>
